2800 4259
94 1171 173 1335 Ut
197 1282 326 1341 quaeque
350 1270 507 1320 terrarum
532 1255 624 1342 plaga
644 1265 708 1324 suis
738 1260 948 1343 peculiaribus
976 1259 1140 1341 vegetabi-

88 1349 169 1407 lium
185 1344 296 1404 formis
321 1342 495 1422 precellit,
517 1346 559 1403 ita
579 1346 672 1403 etiam
695 1345 841 1406 Amerina
855 1343 1138 1407 Borcali-occiden·

88 1427 161 1487 talis
204 1433 436 1486 transmontana
465 1428 630 1486 immensas
658 1437 692 1487 et
727 1424 787 1483 sibi
809 1426 951 1505 proprias
979 1444 1066 1503 gaam
1089 1427 1140 1483 in·-

88 1504 330 1588 vestigatoribus
353 1506 580 1567 recentioribus
604 1508 713 1587 largitu
736 1507 806 1566 luit.
851 1507 935 1564 Inter
953 1525 1052 1585 quas,
1077 1506 1142 1564 sive

60 1608 254 1668 ¹numerum
288 1588 481 1667 specierum,
513 1588 631 1667 quibus
659 1587 790 1652 mirifice
825 1587 924 1661 ludit,
958 1589 1023 1646 sive
1046 1587 1141 1646 decus

88 1681 230 1750 spectas,
260 1668 345 1747 quod
374 1668 537 1727 hortorum
569 1680 614 1727 est
649 1674 821 1744 eximium,
851 1670 1003 1746 insignem
1032 1669 1138 1727 locum

89 1753 148 1811 sibi
173 1751 336 1814 vindicare
371 1750 494 1808 videtur
516 1771 614 1828 genus
647 1752 772 1831 Lupini.
816 1753 904 1810 Licet
923 1751 1027 1822 enim,
1047 1751 1141 1807 innu-

88 1854 212 1893 meram
248 1852 346 1913 prope
379 1829 604 1910 vegetabilium
626 1835 820 1910 cognitorum
848 1832 972 1912 copiam
996 1828 1140 1890 couside-

89 1917 193 1988 ranti‚
225 1913 313 1991 longe
345 1915 479 1974 maxima
504 1930 576 1991 pars
608 1914 910 1994 phanerogarnarum
934 1914 994 1992 jam
1018 1911 1141 1971 detecta

96 1995 275 2069 videretur,
291 1995 371 2055 adeo
397 2005 499 2052 tamen
523 1997 611 2054 annis
639 1997 780 2076 proxime
809 1992 1012 2077 praeterlapsis
1042 2000 1142 2052 auctae

93 2077 220 2136 fuerunt
247 2078 363 2157 species
392 2076 625 2157 Lupinorum„
641 2086 677 2136 ut
712 2096 864 2138 numerus
905 2093 1057 2134 novarum
1086 2073 1142 2147 iis,

88 2160 218 2236 quasin
248 2158 469 2217 recentissimis
497 2157 644 2240 operibus
674 2169 855 2222 enumerant
885 2158 1087 2218 memnonia
1108 2164 1141 2220 et

87 2239 313 2313 Srunnonuns,
338 2241 464 2319 jamjam
486 2243 731 2321 superemineat.

172 2398 206 2456 Si
229 2409 333 2457 autem
357 2399 472 2457 ultimo
502 2398 651 2459 decennio
679 2400 743 2460 fere
764 2421 899 2482 praeceps
922 2400 1017 2458 fuerit
1037 2401 1141 2459 incre·

86 2490 230 2541 mentum
262 2485 435 2560 specierum
467 2480 603 2560 Lupini,
636 2503 674 2543 eo
695 2486 791 2562 magis
812 2483 999 2564 pedetentim
1030 2501 1142 2541 nume-

87 2583 139 2622 rus
162 2582 271 2620 eorum
306 2573 398 2622 antea
418 2564 621 2631 auctusfuit,
648 2563 733 2622 :Jam
756 2585 793 2622 ex
814 2565 952 2642 antiquis
976 2564 1141 2622 Dioscori—

87 2665 150 2716 nns,
164 2644 306 2702 Gannuus
320 2654 352 2703 et
365 2644 489 2702 Patrius
503 2664 598 2703 unam
619 2646 751 2702 sativam
778 2645 937 2723 aliamque
964 2646 1139 2704 silvestrem

91 2725 227 2802 speciem
252 2736 445 2798 memorant3
467 2735 500 2781 et
522 2735 624 2804 patres
646 2726 896 2784 ante-Linnaeani
933 2726 1140 2804 formaslma·

87 2807 171 2864 xime
191 2806 336 2885 ¹insignes
368 2806 537 2885 Europaeos
573 2805 653 2865 bene
686 2805 744 2865 sibi
776 2810 915 2885 cognitas
949 2808 1140 2870 babuerunt.

88 2890 133 2948 lta
160 2888 191 2944 in
217 2887 351 2963 Pinnos,
385 2904 492 2947 omnes
513 2897 589 2948 tunc
612 2890 762 2967 temporis
784 2899 870 2947 notas
903 2891 1019 2969 species
1049 2901 1139 2948 cotn-

88 2970 265 3050 plectente‚
303 2970 459 3031 Cisrsuus
491 2972 645 3030 binemus
675 2989 783 3030 earum
811 2967 1017 3044 boecensuit.
1063 2970 1139 3026 Lm-

88 3067 171 3107 unus
197 3052 226 3105 in
261 3053 361 3130 prima
393 3052 527 3110 editione
568 3054 741 3132 specierum
776 3052 904 3109 totidem
936 3050 1142 3122 adumbrans,

90 3138 195 3210 postca
218 3128 295 3187 duas
328 3132 457 3191 addidit.
518 3132 565 3190 Ex
598 3132 620 3190 8
652 3132 720 3189 istis
753 3130 913 3212 speciebus
946 3127 969 3187 6
1007 3129 1141 3209 Europae

90 3213 139 3270 vel
184 3211 323 3272 Orientis
353 3214 463 3273 incolae
503 3224 617 3289 eraut,
651 3233 712 3272 una
750 3234 767 3272 e
800 3213 1016 3293 promontorio
1055 3212 1148 3271 bonoe

89 3293 172 3374 spei,
195 3303 226 3352 et
248 3295 367 3371 altera,
388 3297 481 3354 unica
509 3298 672 3377 perennia,
710 3314 727 3353 e
756 3294 908 3373 Virginis.
951 3294 1031 3353 Dein
1054 3294 1142 3352 Fon-

88 3377 165 3434 ssin
184 3385 215 3433 et
238 3378 326 3434 nora
353 3378 504 3455 singulam
544 3379 679 3457 quisque
712 3378 808 3457 primi
836 3377 1138 3448 distinxerunt3·et‚

90 3458 257 3538 praecipuis
287 3459 400 3527 studiis
431 3460 699 3538 peregrinatorum
732 3457 901 3516 illustrium
923 3458 986 3516 los.
1007 3457 1142 3517 Jussrtnr

89 3546 123 3597 et
149 3538 378 3615 Conuersomr,
401 3541 635 3599 Dasuonssn'sur
662 3539 818 3613 fluores,
838 3559 873 3597 ex
905 3541 1053 3598 Amerina
1081 3558 1141 3597 au·-

89 3619 177 3678 strali
217 3630 412 3699 reportatas,
444 3621 663 3701 promulgavit.
724 3622 771 3678 lta
801 3623 1052 3696 Wrnnneuovro·,
1090 3630 1139 3678 to-

92 3712 160 3759 tum
184 3722 317 3780 regnum
351 3701 550 3781 Vegetabile,
580 3704 638 3763 sibi
671 3704 1061 3782 notumsamplectenti,
1093 3701 1143 3759 bis

89 3784 185 3841 unica
219 3782 359 3862 adjecta,
382 3782 422 3842 19
445 3784 560 3865 species
581 3803 765 3844 enumerare
806 3782 906 3843 licuit.
929 3817 931 3821 Α
956 3784 1036 3842 Dein
1059 3802 1141 3865 pres-

90 3866 219 3945 cipuum
241 3875 443 3944 augmentum
477 3864 865 3947 bausitgenusttineribus
892 3864 1088 3928 Huusonnru
1109 3872 1141 3921 et
