2800 4259
1090 126 1134 185 lll

132 307 250 365 tenens,
272 301 308 350 et·
332 303 368 351 nt
386 291 489 351 editor
511 292 620 372 'operis
650 290 769 349 laudati
809 289 987 350 '’Botanical
1008 290 1177 370 Register”,

132 380 159 436 in
182 394 246 452 quo
279 394 388 451 inagna
419 374 617 453 Lupinorum
640 392 712 452 pars
742 372 901 452 deseripta
929 381 1047 448 exstat,
1075 373 1176 453 speei-

130 452 261 516 minibus
274 456 464 513 authenticis
483 454 693 535 plurimarum
711 453 865 533 gaudens,
882 454 948 529 ille,
972 456 1053 513 inter
1068 474 1176 514 omues

131 537 220 610 solus,
241 557 307 615 qure
321 536 554 616 monographiae
577 531 667 613 hujus
682 536 802 612 generis
813 537 979 594 necessaria
1001 535 1176 614 lueresup-

130 619 266 703 peditare
290 612 398 675 valuit]
444 613 618 676 Venerabili
641 614 989 691 eriam-Hoansmm,
1020 637 1080 675 nou
1114 618 1177 674 mi·

20 751 30 766 .
131 717 185 762 nus
207 698 247 757 ob
278 698 606 774 liberalitatemque
629 693 778 755 Herbaria
805 696 933 771 Venari,
955 700 985 756 in
1013 698 1176 777 quo'plu-

131 804 176 842 res
199 782 315 860 species
346 779 626 854 anarckian'rea
650 778 900 837 Deslontainesio
924 781 1013 836 missa
1029 787 1167 838 ,exstant

128 867 340 924 Scauuacnaru
377 867 408 915 et
436 859 645 938 suimetipsius
680 860 846 939 patefecit,
880 878 974 937 quam
997 858 1040 918 ob
1066 856 1177 938 benig-

130 961 204 1004 num
245 943 383 999 studium
401 975 419 1014 ,-
453 960 517 1018 quo
552 939 595 998 ad·
629 939 837 999 Bibliothecas
880 941 1062 999 Hasnienses
1096 940 1176 1000 mihi

132 1024 243 1103 ubique
276 1023 398 1082 aditum
440 1022 609 1101 panderet,
650 1022 862 1101 maximopere
897 1022 1077 1081 devinctus=
1097 1041 1176 1081 sum.

128 1105 232 1184 Neque
261 1113 376 1163 tacere·
398 1106 517 1185 justum
549 1101 654 1162 luisset
688 1121 758 1175 me,
797 1114 869 1162 tam
900 1102 1080 1183 plantarum
1119 1124 1175 1164 co·

128 1191 198 1270 pia,
220 1187 374 1267 precipue
391 1186 432 1244 ad
454 1184 638 1244 affinitatem
662 1185 759 1262 ipsius
781 1188 900 1261 generis
923 1185 1090 1242 eruendam
1103 1205 1177 1245 om·

130 1270 204 1327 nino
240 1270 426 1341 necessaria,
462 1284 557 1345 quarn
589 1264 739 1324 librorum
770 1276 921 1346 apparatu
949 1265 1053 1324 Patris
1087 1268 1175 1347 opti·-

133 1352 194 1424 mi,
228 1371 278 1409 me
310 1350 372 1428 jam
403 1370 421 1407 a
452 1349 555 1428 pueris
586 1348 625 1404 ad
661 1347 828 1425 penetralia
857 1347 990 1405 scientie
1017 1346 1179 1424 ducentis,

129 1454 186 1491 non
214 1451 325 1512 parum
347 1430 440 1509 fuisse
461 1430 617 1509 adjutum.
1019 1459 1022 1464 ·

146 1581 156 1614 ·.
210 1542 287 1613 Quae
308 1542 413 1597 omnia
435 1538 558 1597 Lectori
588 1535 743 1595 benevolo
768 1533 960 1614 subjicienda
984 1538 1115 1617 putavi,
1141 1548 1175 1597 ut

128 1631 158 1680 et
183 1618 324 1676 delectus
349 1622 444 1694 nostri
470 1618 634 1695 opusculi,
662 1620 809 1695 quisunt
832 1619 1004 1692 innumeri,
1032 1639 1066 1677 ex
1091 1620 1177 1679 diffi-

133 1697 252 1761 cultate
282 1701 453 1757 conaminis
476 1708 507 1755 et
536 1697 639 1757 adhuc
672 1700 769 1779 magis
794 1717 830 1755 ex
852 1702 995 1775 angustia
1027 1705 1178 1781 temporis

129 1782 206 1841 mihi
228 1783 425 1862 prescripti,
444 1780 546 1840 forsan
576 1783 808 1853 excusarentur,
835 1789 867 1839 et
895 1782 1004 1838 merita
1027 1783 1062 1855 (si
1086 1782 1177 1842 modo

127 1860 260 1939 adsintl)
283 1882 343 1922 non
366 1862 444 1921 mihi
465 1861 517 1920 sed
542 1861 659 1920 talibus
680 1858 859 1919 fautoribus
881 1863 1033 1940 tantisque
1052 1866 1177 1924 auxiliis

126 1946 312 2005 referantur.
561 1935 572 1951 ‘

519 2059 786 2074 m

216 2168 350 2250 Species,
370 2187 438 2247 quae
458 2188 553 2247 genus
574 2165 690 2247 Lupini
712 2169 920 2243 constituunt,
942 2171 1020 2232 adeo
1041 2170 1100 2232 sibi
1123 2175 1175 2233 in.

125 2254 228 2311 vicem
252 2249 371 2307 similes
393 2260 483 2322 sunt,
515 2259 551 2306 ut
574 2250 606 2306 in
639 2247 759 2306 familia
782 2253 916 2310 naturali
954 2273 1050 2330 genus
1081 2264 1176 2315 natu.

125 2333 317 2393 ralissimum
338 2332 527 2387 constituere
549 2330 650 2388 forsan
673 2330 738 2406 jure
761 2329 948 2406 judicentur.
993 2334 1063 2393 lam
1088 2345 1175 2394 vete-

123 2437 172 2474 res
195 2413 266 2471 ideo
287 2413 406 2490 speeies
437 2410 496 2469 sibi
527 2420 614 2470 notas
646 2413 677 2469 in
698 2429 797 2468 unum
827 2412 1040 2491 conferebant,
1067 2427 1098 2476 et
1121 2438 1175 2477 re.

123 2500 291 2564 ocutiones,
323 2494 397 2568 licet
419 2496 535 2570 species
563 2493 693 2551 mirifice
717 2507 851 2552 numero
871 2494 1013 2557 adaucte
1038 2498 1175 2574 fuerint,

122 2583 226 2658 ipsum
256 2580 352 2651 genus
381 2575 569 2633 inviolatum
602 2584 776 2631 servarunt.
803 2575 1019 2650 ‘Quo'autem
1053 2580 1175 2641 firmius

123 2677 219 2737 genus
239 2654 300 2712 fuit
321 2653 516 2726 stabilitum,
539 2675 576 2714 eo
607 2652 777 2711 difficilior·
789 2659 962 2735 specierum
993 2660 1171 2740 diagnosis,

123 2750 155 2797 et
187 2756 243 2817 per
276 2735 421 2794 cohortes
451 2729 612 2793 naturales
636 2733 839 2794 distributio.¹
884 2739 928 2796 lta
961 2743 1046 2799 enim
1079 2743 1119 2800 in'
1143 2762 1175 2802 se

121 2818 227 2879 lluunt
260 2820 396 2876 vicissim
438 2826 469 2874 et
502 2816 593 2874 valde
626 2816 901 2899 diversissimeque
938 2823 1175 2882 inter-ternum,⁸

119 2902 256 2982 species,
277 2907 311 2957 ut
334 2918 400 2976 que
420 2898 516 2955 altera
537 2907 609 2955 nota
633 2900 664 2956 in
687 2918 784 2958 unum
807 2902 942 2961 conferri
968 2904 1100 2979 debere,
1123 2906 1173 2963 al.

121 2994 188 3042 tera
219 2983 354 3060 separari
389 2989 422 3038 et
443 2982 597 3037 removeri
625 2980 800 3039 videantur.
845 2981 925 3043 Hinc
945 2990 1088 3065 sequitur
1110 3008 1171 3046 non

120 3072 247 3121 tantum
277 3068 314 3116 ut
343 3062 537 3117 constructio
563 3059 745 3117 cohortium
782 3064 872 3121 valde
902 3066 1081 3140 claudicet,
1122 3068 1174 3127 sed

119 3145 219 3202 etiam
250 3148 286 3199 ut
321 3138 516 3214 characteres
547 3142 718 3218 specierum
749 3141 938 3225 plerumque
969 3148 1065 3225 ampli
1099 3169 1174 3207 eva.

118 3225 220 3297 dant,
248 3231 278 3280 et
309 3222 520 3298 micrologicis
550 3224 630 3280 notis
651 3222 736 3281 haud
767 3245 838 3283 raro
860 3229 1072 3288 construenda
1103 3233 1173 3288 sint.

118 3307 234 3367 Potius
268 3313 372 3362 tamen
409 3321 532 3381 semper
563 3302 751 3365 affinitatem
785 3315 815 3362 rt
847 3309 986 3367 ordinem
1015 3311 1171 3388 quendam

121 3388 324 3459 naturalem,
348 3392 643 3462 quantumcumque
668 3389 737 3444 erui
759 3393 915 3466 potuerit,
947 3393 1172 3471 respiciendam

112 3488 204 3541 esse,
231 3486 323 3548 quam
347 3464 545 3523 artilicialem
575 3464 733 3544 quendam
757 3467 911 3540 ordinem,
940 3480 970 3528 et
994 3471 1171 3533 cohortium

117 3558 156 3614 in
184 3549 288 3608 verbis
311 3547 525 3606 definitionem
550 3545 694 3605 omnibus
719 3552 859 3608 numeris
879 3551 1073 3625 absolutam,
1104 3555 1172 3613 laesa

110 3631 286 3703 affinitate,
304 3626 513 3687 adhibendam
538 3647 610 3702 esse,
633 3628 778 3706 judicavi.

209 3757 257 3814 De
284 3763 441 3813 structura
465 3757 585 3815 interna
608 3755 805 3834 Lupinorum
825 3754 904 3815 nihil
917 3757 1046 3835 quidem
1063 3761 1170 3834 attuli,

109 3841 174 3902 sed
206 3857 309 3917 ueque
338 3838 369 3896 iu
395 3837 502 3896 multis
534 3834 698 3916 speciebus
722 3857 791 3895 eam
818 3840 1003 3915 investigare
1025 3838 1105 3898 mibi
1128 3841 1172 3899 li-
