<?xml version="1.0" encoding="UTF-8"?>
<!DOCTYPE html PUBLIC "-//W3C//DTD XHTML 1.0 Transitional//EN"
    "http://www.w3.org/TR/xhtml1/DTD/xhtml1-transitional.dtd">
<html xmlns="http://www.w3.org/1999/xhtml" xml:lang="en" lang="en">
 <head>
  <title>
</title>
<meta http-equiv="Content-Type" content="text/html;charset=utf-8" />
  <meta name='ocr-system' content='tesseract 3.04.00' />
  <meta name='ocr-capabilities' content='ocr_page ocr_carea ocr_par ocr_line ocrx_word'/>
</head>
<body>
  <div class='ocr_page' id='page_1' title='image "./synopsisgeneris00trgoog_0025.png"; bbox 0 0 2800 4259; ppageno 0'>
   <div class='ocr_carea' id='block_1_1' title="bbox 106 148 1156 396">
    <p class='ocr_par' dir='ltr' id='par_1_1' title="bbox 106 148 1156 396">
     <span class='ocr_line' id='line_1_1' title="bbox 1076 148 1115 208; baseline 0 0"><span class='ocrx_word' id='word_1_1' title='bbox 1076 148 1115 208; x_wconf 67' lang='lat' dir='ltr'><strong>ib</strong></span> 
     </span>
     <span class='ocr_line' id='line_1_2' title="bbox 106 307 1156 396; baseline -0.001 -26"><span class='ocrx_word' id='word_1_2' title='bbox 106 312 155 371; x_wconf 84' lang='lat'><strong>19.</strong></span> <span class='ocrx_word' id='word_1_3' title='bbox 180 312 222 373; x_wconf 82' lang='lat' dir='ltr'><strong>L.</strong></span> <span class='ocrx_word' id='word_1_4' title='bbox 248 307 441 396; x_wconf 61' lang='lat' dir='ltr'><strong>biuifolius</strong></span> <span class='ocrx_word' id='word_1_5' title='bbox 463 313 555 376; x_wconf 74' lang='lat' dir='ltr'><strong>Rota</strong></span> <span class='ocrx_word' id='word_1_6' title='bbox 578 314 766 394; x_wconf 71' lang='lat' dir='ltr'><strong>pubescens3</strong></span> <span class='ocrx_word' id='word_1_7' title='bbox 782 315 896 373; x_wconf 73' lang='lat' dir='ltr'><strong>foliolis</strong></span> <span class='ocrx_word' id='word_1_8' title='bbox 913 311 1080 373; x_wconf 85' lang='lat' dir='ltr'><strong>linearibus</strong></span> <span class='ocrx_word' id='word_1_9' title='bbox 1102 332 1156 370; x_wconf 86' lang='lat' dir='ltr'><strong>ea-</strong></span> 
     </span>
    </p>
   </div>
   <div class='ocr_carea' id='block_1_2' title="bbox 1 396 1155 883">
    <p class='ocr_par' dir='ltr' id='par_1_2' title="bbox 2 396 1155 481">
     <span class='ocr_line' id='line_1_3' title="bbox 2 396 1155 481; baseline 0 -28"><span class='ocrx_word' id='word_1_10' title='bbox 2 430 3 481; x_wconf 60' lang='lat' dir='ltr'><strong>p</strong></span> <span class='ocrx_word' id='word_1_11' title='bbox 189 398 381 470; x_wconf 79' lang='lat' dir='ltr'><strong>nalieulatis,</strong></span> <span class='ocrx_word' id='word_1_12' title='bbox 415 400 507 477; x_wconf 86' lang='lat' dir='ltr'><strong>spicis</strong></span> <span class='ocrx_word' id='word_1_13' title='bbox 535 396 660 455; x_wconf 84' lang='lat' dir='ltr'><strong>brevius</strong></span> <span class='ocrx_word' id='word_1_14' title='bbox 705 397 900 455; x_wconf 84' lang='lat' dir='ltr'><strong>eduneulatis</strong></span> <span class='ocrx_word' id='word_1_15' title='bbox 920 397 1155 471; x_wconf 72' lang='lat' dir='ltr'><strong>(demoniacu-</strong></span> 
     </span>
    </p>

    <p class='ocr_par' dir='ltr' id='par_1_3' title="bbox 2 419 1155 642">
     <span class='ocr_line' id='line_1_4' title="bbox 2 419 1155 554; baseline -0.003 -18"><span class='ocrx_word' id='word_1_16' title='bbox 2 490 4 553; x_wconf 64' lang='grc' dir='ltr'><em>γ</em></span> <span class='ocrx_word' id='word_1_17' title='bbox 188 478 351 552; x_wconf 71' lang='lat' dir='ltr'><strong>tentibus),</strong></span> <span class='ocrx_word' id='word_1_18' title='bbox 379 473 506 537; x_wconf 84' lang='lat' dir='ltr'><strong>lloribus</strong></span> <span class='ocrx_word' id='word_1_19' title='bbox 531 479 665 554; x_wconf 82' lang='lat' dir='ltr'><strong>alternis,</strong></span> <span class='ocrx_word' id='word_1_20' title='bbox 682 419 815 537; x_wconf 67' lang='lat' dir='ltr'><strong>bracteis</strong></span> <span class='ocrx_word' id='word_1_21' title='bbox 836 475 913 537; x_wconf 89' lang='lat' dir='ltr'><strong>llore</strong></span> <span class='ocrx_word' id='word_1_22' title='bbox 945 475 1155 549; x_wconf 82' lang='lat' dir='ltr'><strong>brevioribus,</strong></span> 
     </span>
     <span class='ocr_line' id='line_1_5' title="bbox 188 557 1155 642; baseline -0.002 -26"><span class='ocrx_word' id='word_1_23' title='bbox 188 562 300 641; x_wconf 86' lang='lat' dir='ltr'><strong>ralyeis</strong></span> <span class='ocrx_word' id='word_1_24' title='bbox 338 561 517 619; x_wconf 82' lang='lat' dir='ltr'><strong>bracteolati</strong></span> <span class='ocrx_word' id='word_1_25' title='bbox 550 559 632 618; x_wconf 87' lang='lat' dir='ltr'><strong>labio</strong></span> <span class='ocrx_word' id='word_1_26' title='bbox 668 562 826 638; x_wconf 75' lang='lat' dir='ltr'>superiore</span> <span class='ocrx_word' id='word_1_27' title='bbox 860 560 1021 642; x_wconf 84' lang='lat' dir='ltr'><strong>bipartito,</strong></span> <span class='ocrx_word' id='word_1_28' title='bbox 1048 557 1155 614; x_wconf 85' lang='lat' dir='ltr'><strong>inleri-</strong></span> 
     </span>
    </p>

    <p class='ocr_par' dir='ltr' id='par_1_4' title="bbox 1 562 1154 725">
     <span class='ocr_line' id='line_1_6' title="bbox 1 562 1154 725; baseline -0.003 -26"><span class='ocrx_word' id='word_1_29' title='bbox 1 562 5 725; x_wconf 72' lang='lat' dir='ltr'><strong>i</strong></span> <span class='ocrx_word' id='word_1_30' title='bbox 192 663 245 699; x_wconf 86' lang='lat' dir='ltr'><strong>ore</strong></span> <span class='ocrx_word' id='word_1_31' title='bbox 267 642 395 720; x_wconf 85' lang='lat' dir='ltr'><strong>integra,</strong></span> <span class='ocrx_word' id='word_1_32' title='bbox 425 643 592 701; x_wconf 80' lang='lat' dir='ltr'><strong>seminibus</strong></span> <span class='ocrx_word' id='word_1_33' title='bbox 619 648 631 718; x_wconf 68' lang='grc' dir='ltr'><em>ξ</em></span> <span class='ocrx_word' id='word_1_34' title='bbox 660 642 833 699; x_wconf 82' lang='lat' dir='ltr'><strong>latitudinis</strong></span> <span class='ocrx_word' id='word_1_35' title='bbox 850 641 1039 719; x_wconf 79' lang='lat' dir='ltr'><strong>leguminum</strong></span> <span class='ocrx_word' id='word_1_36' title='bbox 1058 659 1154 695; x_wconf 79' lang='lat' dir='ltr'><strong>occu·</strong></span> 
     </span>
    </p>

    <p class='ocr_par' dir='ltr' id='par_1_5' title="bbox 2 720 1154 883">
     <span class='ocr_line' id='line_1_7' title="bbox 2 720 1154 802; baseline -0.005 -19"><span class='ocrx_word' id='word_1_37' title='bbox 2 732 4 795; x_wconf 79' lang='lat' dir='ltr'><strong>l</strong></span> <span class='ocrx_word' id='word_1_38' title='bbox 190 721 336 802; x_wconf 79' lang='lat' dir='ltr'><strong>pentibus</strong></span> <span class='ocrx_word' id='word_1_39' title='bbox 368 724 567 802; x_wconf 80' lang='lat' dir='ltr'><strong>subglobosis,</strong></span> <span class='ocrx_word' id='word_1_40' title='bbox 604 728 787 784; x_wconf 84' lang='lat' dir='ltr'><strong>maturitate</strong></span> <span class='ocrx_word' id='word_1_41' title='bbox 820 723 919 782; x_wconf 84' lang='lat' dir='ltr'><strong>bediis</strong></span> <span class='ocrx_word' id='word_1_42' title='bbox 952 720 1091 797; x_wconf 63' lang='lat' dir='ltr'><strong>ulubrino</strong></span> <span class='ocrx_word' id='word_1_43' title='bbox 1124 730 1154 778; x_wconf 84' lang='lat' dir='ltr'><strong>et</strong></span> 
     </span>
     <span class='ocr_line' id='line_1_8' title="bbox 179 804 468 883; baseline -0.007 -19"><span class='ocrx_word' id='word_1_44' title='bbox 179 804 272 880; x_wconf 78' lang='lat' dir='ltr'><strong>¹llaro</strong></span> <span class='ocrx_word' id='word_1_45' title='bbox 297 806 468 883; x_wconf 77' lang='lat' dir='ltr'><strong>variegatis.</strong></span> 
     </span>
    </p>
   </div>
   <div class='ocr_carea' id='block_1_3' title="bbox 102 887 1156 1120">
    <p class='ocr_par' dir='ltr' id='par_1_6' title="bbox 102 887 1156 1120">
     <span class='ocr_line' id='line_1_9' title="bbox 102 887 1156 983; baseline -0.009 -16"><span class='ocrx_word' id='word_1_46' title='bbox 102 915 133 968; x_wconf 89' lang='lat' dir='ltr'><strong>L.</strong></span> <span class='ocrx_word' id='word_1_47' title='bbox 154 913 294 982; x_wconf 63' lang='lat' dir='ltr'><strong>Linisotiur</strong></span> <span class='ocrx_word' id='word_1_48' title='bbox 312 913 383 964; x_wconf 72' lang='lat' dir='ltr'><strong>aaa.</strong></span> <span class='ocrx_word' id='word_1_49' title='bbox 401 914 465 975; x_wconf 71' lang='lat' dir='ltr'><strong>Aba,</strong></span> <span class='ocrx_word' id='word_1_50' title='bbox 501 917 560 966; x_wconf 62' lang='lat' dir='ltr'><strong>fl.</strong></span> <span class='ocrx_word' id='word_1_51' title='bbox 579 916 666 967; x_wconf 77' lang='lat' dir='ltr'><strong>Wiud</strong></span> <span class='ocrx_word' id='word_1_52' title='bbox 684 934 722 982; x_wconf 84' lang='lat' dir='ltr'><strong>sp.</strong></span> <span class='ocrx_word' id='word_1_53' title='bbox 736 913 769 981; x_wconf 82' lang='lat' dir='ltr'><strong>pl.</strong></span> <span class='ocrx_word' id='word_1_54' title='bbox 786 914 826 965; x_wconf 88' lang='lat'><strong>111</strong></span> <span class='ocrx_word' id='word_1_55' title='bbox 838 933 863 983; x_wconf 83' lang='lat' dir='ltr'><strong>p.</strong></span> <span class='ocrx_word' id='word_1_56' title='bbox 885 887 963 964; x_wconf 67' lang='lat' dir='ltr'><strong>l02o&#39;.</strong></span> <span class='ocrx_word' id='word_1_57' title='bbox 988 910 1046 959; x_wconf 85' lang='lat' dir='ltr'><strong>Dee.</strong></span> <span class='ocrx_word' id='word_1_58' title='bbox 1065 908 1156 958; x_wconf 72' lang='lat' dir='ltr'><strong>Prode.v</strong></span> 
     </span>
     <span class='ocr_line' id='line_1_10' title="bbox 140 975 1152 1052; baseline -0.006 -19"><span class='ocrx_word' id='word_1_59' title='bbox 140 984 167 1033; x_wconf 90' lang='lat'><strong>11</strong></span> <span class='ocrx_word' id='word_1_60' title='bbox 179 1003 204 1052; x_wconf 84' lang='lat' dir='ltr'><strong>p.</strong></span> <span class='ocrx_word' id='word_1_61' title='bbox 222 983 281 1034; x_wconf 72' lang='lat'><strong><em>407.</em></strong></span> <span class='ocrx_word' id='word_1_62' title='bbox 307 975 362 1050; x_wconf 77' lang='lat' dir='ltr'><strong>Spr.</strong></span> <span class='ocrx_word' id='word_1_63' title='bbox 385 981 447 1052; x_wconf 76' lang='lat' dir='ltr'><strong>Syst.</strong></span> <span class='ocrx_word' id='word_1_64' title='bbox 491 1002 528 1050; x_wconf 75' lang='lat' dir='ltr'><strong>eg.</strong></span> <span class='ocrx_word' id='word_1_65' title='bbox 553 984 594 1034; x_wconf 85' lang='grc' dir='ltr'><strong>ΙΙΙ</strong></span> <span class='ocrx_word' id='word_1_66' title='bbox 608 1002 634 1051; x_wconf 80' lang='lat' dir='ltr'><strong>p.</strong></span> <span class='ocrx_word' id='word_1_67' title='bbox 660 988 721 1035; x_wconf 79' lang='lat'><strong>228.</strong></span> <span class='ocrx_word' id='word_1_68' title='bbox 759 981 942 1042; x_wconf 63' lang='lat' dir='ltr'><strong>Gnarrodr.</strong></span> <span class='ocrx_word' id='word_1_69' title='bbox 958 978 990 1045; x_wconf 86' lang='lat' dir='ltr'><strong>fl.</strong></span> <span class='ocrx_word' id='word_1_70' title='bbox 1012 979 1055 1028; x_wconf 81' lang='lat' dir='ltr'><strong>Sic</strong></span> <span class='ocrx_word' id='word_1_71' title='bbox 1081 976 1106 1028; x_wconf 90' lang='lat'><strong>11</strong></span> <span class='ocrx_word' id='word_1_72' title='bbox 1127 994 1152 1043; x_wconf 82' lang='lat' dir='ltr'><strong>p.</strong></span> 
     </span>
     <span class='ocr_line' id='line_1_11' title="bbox 139 1051 1101 1120; baseline 0 -20"><span class='ocrx_word' id='word_1_73' title='bbox 139 1051 199 1102; x_wconf 76' lang='lat'><strong>402.</strong></span> <span class='ocrx_word' id='word_1_74' title='bbox 235 1051 408 1118; x_wconf 52' lang='lat' dir='ltr'><strong>Iter&#39;clreatst</strong></span> <span class='ocrx_word' id='word_1_75' title='bbox 427 1070 525 1104; x_wconf 81' lang='lat' dir='ltr'><strong>ercurs.</strong></span> <span class='ocrx_word' id='word_1_76' title='bbox 545 1052 607 1120; x_wconf 86' lang='lat' dir='ltr'><strong>Hp.</strong></span> <span class='ocrx_word' id='word_1_77' title='bbox 628 1056 690 1103; x_wconf 69' lang='lat'><strong>539.</strong></span> <span class='ocrx_word' id='word_1_78' title='bbox 978 1055 982 1062; x_wconf 92' lang='lat'>&#39;</span> <span class='ocrx_word' id='word_1_79' title='bbox 1098 1096 1101 1100; x_wconf 88' lang='lat'>.</span> 
     </span>
    </p>
   </div>
   <div class='ocr_carea' id='block_1_4' title="bbox 105 1141 851 1321">
    <p class='ocr_par' dir='ltr' id='par_1_7' title="bbox 105 1141 851 1321">
     <span class='ocr_line' id='line_1_12' title="bbox 105 1141 823 1220; baseline -0.004 -21"><span class='ocrx_word' id='word_1_80' title='bbox 105 1146 186 1199; x_wconf 89' lang='lat' dir='ltr'><strong>leon:</strong></span> <span class='ocrx_word' id='word_1_81' title='bbox 207 1147 278 1198; x_wconf 76' lang='lat' dir='ltr'><strong>nna.</strong></span> <span class='ocrx_word' id='word_1_82' title='bbox 295 1149 311 1198; x_wconf 88' lang='lat' dir='ltr'><strong>t.</strong></span> <span class='ocrx_word' id='word_1_83' title='bbox 330 1165 354 1197; x_wconf 88' lang='lat' dir='ltr'><strong>c·</strong></span> <span class='ocrx_word' id='word_1_84' title='bbox 371 1157 389 1198; x_wconf 82' lang='lat' dir='ltr'><strong>t.</strong></span> <span class='ocrx_word' id='word_1_85' title='bbox 403 1152 429 1198; x_wconf 60' lang='grc' dir='ltr'><strong>ὅ.</strong></span> <span class='ocrx_word' id='word_1_86' title='bbox 451 1146 501 1220; x_wconf 74' lang='lat' dir='ltr'><strong>(Fr.</strong></span> <span class='ocrx_word' id='word_1_87' title='bbox 518 1151 568 1201; x_wconf 81' lang='lat' dir='ltr'><strong>Sia.</strong></span> <span class='ocrx_word' id='word_1_88' title='bbox 584 1160 601 1220; x_wconf 67' lang='lat' dir='ltr'><strong>t.</strong></span> <span class='ocrx_word' id='word_1_89' title='bbox 613 1151 668 1199; x_wconf 75' lang='lat'><strong>385</strong></span> <span class='ocrx_word' id='word_1_90' title='bbox 686 1165 719 1198; x_wconf 74' lang='lat' dir='ltr'><strong>er</strong></span> <span class='ocrx_word' id='word_1_91' title='bbox 739 1141 823 1214; x_wconf 77' lang='lat' dir='ltr'><strong>Gara.)</strong></span> 
     </span>
     <span class='ocr_line' id='line_1_13' title="bbox 190 1243 851 1321; baseline 0.005 -19"><span class='ocrx_word' id='word_1_92' title='bbox 190 1243 263 1302; x_wconf 80' lang='lat' dir='ltr'><strong>Hau.</strong></span> <span class='ocrx_word' id='word_1_93' title='bbox 288 1246 317 1301; x_wconf 91' lang='lat' dir='ltr'><strong>in</strong></span> <span class='ocrx_word' id='word_1_94' title='bbox 340 1243 455 1318; x_wconf 88' lang='lat' dir='ltr'><strong>Sicilia,</strong></span> <span class='ocrx_word' id='word_1_95' title='bbox 479 1245 621 1304; x_wconf 78' lang='lat' dir='ltr'>Sardinia</span> <span class='ocrx_word' id='word_1_96' title='bbox 642 1251 688 1319; x_wconf 80' lang='lat' dir='ltr'><strong>(ex</strong></span> <span class='ocrx_word' id='word_1_97' title='bbox 710 1246 851 1321; x_wconf 61' lang='lat' dir='ltr'><strong>Reichp</strong></span> 
     </span>
    </p>
   </div>
   <div class='ocr_carea' id='block_1_5' title="bbox 36 1348 1239 2099">
    <p class='ocr_par' dir='ltr' id='par_1_8' title="bbox 105 1348 1239 1559">
     <span class='ocr_line' id='line_1_14' title="bbox 175 1348 1239 1406; baseline -0.002 -4"><span class='ocrx_word' id='word_1_98' title='bbox 175 1350 344 1404; x_wconf 63' lang='lat' dir='ltr'><strong>Procedenti</strong></span> <span class='ocrx_word' id='word_1_99' title='bbox 374 1351 404 1401; x_wconf 88' lang='lat' dir='ltr'><strong>in</strong></span> <span class='ocrx_word' id='word_1_100' title='bbox 440 1348 568 1405; x_wconf 81' lang='lat' dir='ltr'><strong>omnibus</strong></span> <span class='ocrx_word' id='word_1_101' title='bbox 599 1353 760 1406; x_wconf 87' lang='lat' dir='ltr'><strong>simillimus</strong></span> <span class='ocrx_word' id='word_1_102' title='bbox 799 1360 827 1403; x_wconf 90' lang='lat' dir='ltr'><strong>et</strong></span> <span class='ocrx_word' id='word_1_103' title='bbox 854 1352 1062 1405; x_wconf 77' lang='lat' dir='ltr'>characteribus</span> <span class='ocrx_word' id='word_1_104' title='bbox 1089 1350 1155 1401; x_wconf 85' lang='lat' dir='ltr'><strong>inde</strong></span> <span class='ocrx_word' id='word_1_105' title='bbox 1238 1379 1239 1382; x_wconf 63' lang='lat'><em>=</em></span> 
     </span>
     <span class='ocr_line' id='line_1_15' title="bbox 105 1411 1154 1486; baseline -0.003 -16"><span class='ocrx_word' id='word_1_106' title='bbox 105 1411 275 1472; x_wconf 79' lang='lat' dir='ltr'><strong>difficillime</strong></span> <span class='ocrx_word' id='word_1_107' title='bbox 315 1419 533 1486; x_wconf 76' lang='lat' dir='ltr'><strong>distinguendus.</strong></span> <span class='ocrx_word' id='word_1_108' title='bbox 581 1421 692 1475; x_wconf 81' lang='lat' dir='ltr'>Semina</span> <span class='ocrx_word' id='word_1_109' title='bbox 723 1430 787 1472; x_wconf 86' lang='lat' dir='ltr'><strong>sunt</strong></span> <span class='ocrx_word' id='word_1_110' title='bbox 823 1423 966 1482; x_wconf 84' lang='lat' dir='ltr'><strong>breviora,</strong></span> <span class='ocrx_word' id='word_1_111' title='bbox 1007 1419 1154 1484; x_wconf 76' lang='lat' dir='ltr'><strong>subglobo-</strong></span> 
     </span>
     <span class='ocr_line' id='line_1_16' title="bbox 105 1484 1153 1559; baseline -0.005 -20"><span class='ocrx_word' id='word_1_112' title='bbox 105 1507 132 1539; x_wconf 87' lang='lat' dir='ltr'><strong>sa</strong></span> <span class='ocrx_word' id='word_1_113' title='bbox 150 1484 215 1555; x_wconf 87' lang='lat' dir='ltr'><strong>(nee</strong></span> <span class='ocrx_word' id='word_1_114' title='bbox 233 1489 360 1559; x_wconf 84' lang='lat' dir='ltr'><strong>avalia),</strong></span> <span class='ocrx_word' id='word_1_115' title='bbox 382 1489 468 1540; x_wconf 88' lang='lat' dir='ltr'><strong>latere</strong></span> <span class='ocrx_word' id='word_1_116' title='bbox 490 1493 661 1558; x_wconf 86' lang='lat' dir='ltr'><strong>rostelligero</strong></span> <span class='ocrx_word' id='word_1_117' title='bbox 690 1492 825 1559; x_wconf 83' lang='lat' dir='ltr'><strong>subplano</strong></span> <span class='ocrx_word' id='word_1_118' title='bbox 860 1490 923 1558; x_wconf 88' lang='lat' dir='ltr'><strong>(nec</strong></span> <span class='ocrx_word' id='word_1_119' title='bbox 941 1489 1078 1558; x_wconf 87' lang='lat' dir='ltr'><strong>concavo)</strong></span> <span class='ocrx_word' id='word_1_120' title='bbox 1107 1503 1153 1535; x_wconf 92' lang='lat' dir='ltr'><strong>co-</strong></span> 
     </span>
    </p>

    <p class='ocr_par' dir='ltr' id='par_1_9' title="bbox 36 1556 1155 2099">
     <span class='ocr_line' id='line_1_17' title="bbox 36 1556 1153 1628; baseline -0.002 -23"><span class='ocrx_word' id='word_1_121' title='bbox 36 1577 41 1583; x_wconf 87' lang='lat'><strong>·</strong></span> <span class='ocrx_word' id='word_1_122' title='bbox 105 1557 267 1624; x_wconf 86' lang='lat' dir='ltr'><strong>laribusque</strong></span> <span class='ocrx_word' id='word_1_123' title='bbox 285 1558 496 1607; x_wconf 86' lang='lat' dir='ltr'><strong>saturatioribus</strong></span> <span class='ocrx_word' id='word_1_124' title='bbox 517 1561 665 1624; x_wconf 74' lang='lat' dir='ltr'><strong>variegata.</strong></span> <span class='ocrx_word' id='word_1_125' title='bbox 690 1556 767 1628; x_wconf 86' lang='lat' dir='ltr'><strong>Quos</strong></span> <span class='ocrx_word' id='word_1_126' title='bbox 799 1567 919 1611; x_wconf 87' lang='lat' dir='ltr'><strong>ceterum</strong></span> <span class='ocrx_word' id='word_1_127' title='bbox 954 1559 987 1609; x_wconf 89' lang='lat' dir='ltr'><strong>ad</strong></span> <span class='ocrx_word' id='word_1_128' title='bbox 1021 1560 1068 1607; x_wconf 87' lang='lat' dir='ltr'><strong>bas</strong></span> <span class='ocrx_word' id='word_1_129' title='bbox 1094 1572 1153 1622; x_wconf 86' lang='lat' dir='ltr'><strong>spc-</strong></span> 
     </span>
     <span class='ocr_line' id='line_1_18' title="bbox 104 1623 1153 1689; baseline -0.003 -14"><span class='ocrx_word' id='word_1_130' title='bbox 104 1625 162 1675; x_wconf 82' lang='lat' dir='ltr'><strong>cies</strong></span> <span class='ocrx_word' id='word_1_131' title='bbox 189 1624 400 1689; x_wconf 85' lang='lat' dir='ltr'><strong>distinguendas</strong></span> <span class='ocrx_word' id='word_1_132' title='bbox 430 1634 590 1676; x_wconf 85' lang='lat' dir='ltr'><strong>enumerant</strong></span> <span class='ocrx_word' id='word_1_133' title='bbox 619 1630 807 1687; x_wconf 74' lang='lat' dir='ltr'><strong>characteres,</strong></span> <span class='ocrx_word' id='word_1_134' title='bbox 842 1631 884 1679; x_wconf 85' lang='lat' dir='ltr'><strong>rel</strong></span> <span class='ocrx_word' id='word_1_135' title='bbox 905 1631 1091 1680; x_wconf 76' lang='lat' dir='ltr'><strong>inconstantes</strong></span> <span class='ocrx_word' id='word_1_136' title='bbox 1112 1623 1153 1673; x_wconf 87' lang='lat' dir='ltr'><strong>rel</strong></span> 
     </span>
     <span class='ocr_line' id='line_1_19' title="bbox 103 1694 1154 1759; baseline -0.003 -15"><span class='ocrx_word' id='word_1_137' title='bbox 103 1694 227 1754; x_wconf 79' lang='lat' dir='ltr'><strong>dissensu</strong></span> <span class='ocrx_word' id='word_1_138' title='bbox 248 1695 367 1759; x_wconf 84' lang='lat' dir='ltr'><strong>ipsorum</strong></span> <span class='ocrx_word' id='word_1_139' title='bbox 387 1698 547 1753; x_wconf 84' lang='lat' dir='ltr'><strong>auctorum,</strong></span> <span class='ocrx_word' id='word_1_140' title='bbox 560 1699 642 1743; x_wconf 71' lang='lat' dir='ltr'><strong>nuuc</strong></span> <span class='ocrx_word' id='word_1_141' title='bbox 662 1695 726 1744; x_wconf 90' lang='lat' dir='ltr'><strong>huic</strong></span> <span class='ocrx_word' id='word_1_142' title='bbox 747 1712 818 1745; x_wconf 88' lang='lat' dir='ltr'><strong>nunc</strong></span> <span class='ocrx_word' id='word_1_143' title='bbox 835 1697 880 1745; x_wconf 90' lang='lat' dir='ltr'><strong>itti</strong></span> <span class='ocrx_word' id='word_1_144' title='bbox 899 1697 1005 1746; x_wconf 87' lang='lat' dir='ltr'><strong>eosdem</strong></span> <span class='ocrx_word' id='word_1_145' title='bbox 1027 1694 1154 1745; x_wconf 88' lang='lat' dir='ltr'><strong>tribuen-</strong></span> 
     </span>
     <span class='ocr_line' id='line_1_20' title="bbox 107 1761 1155 1829; baseline -0.002 -19"><span class='ocrx_word' id='word_1_146' title='bbox 107 1763 187 1820; x_wconf 89' lang='lat' dir='ltr'><strong>tium,</strong></span> <span class='ocrx_word' id='word_1_147' title='bbox 207 1764 353 1812; x_wconf 79' lang='lat' dir='ltr'><strong>frustratos</strong></span> <span class='ocrx_word' id='word_1_148' title='bbox 372 1761 597 1812; x_wconf 82' lang='lat' dir='ltr'><strong>existimaverim.</strong></span> <span class='ocrx_word' id='word_1_149' title='bbox 640 1762 680 1811; x_wconf 93' lang='lat' dir='ltr'><strong>lta</strong></span> <span class='ocrx_word' id='word_1_150' title='bbox 703 1762 821 1812; x_wconf 87' lang='lat' dir='ltr'><strong>Rothius</strong></span> <span class='ocrx_word' id='word_1_151' title='bbox 841 1764 897 1829; x_wconf 87' lang='lat' dir='ltr'><strong>ipsc</strong></span> <span class='ocrx_word' id='word_1_152' title='bbox 918 1780 970 1812; x_wconf 78' lang='lat' dir='ltr'><strong>saae</strong></span> <span class='ocrx_word' id='word_1_153' title='bbox 990 1762 1090 1829; x_wconf 81' lang='lat' dir='ltr'><strong>speciei</strong></span> <span class='ocrx_word' id='word_1_154' title='bbox 1113 1761 1155 1809; x_wconf 82' lang='lat' dir='ltr'><strong>fo·</strong></span> 
     </span>
     <span class='ocr_line' id='line_1_21' title="bbox 107 1830 1155 1899; baseline -0.001 -20"><span class='ocrx_word' id='word_1_155' title='bbox 107 1830 177 1881; x_wconf 90' lang='lat' dir='ltr'><strong>liola</strong></span> <span class='ocrx_word' id='word_1_156' title='bbox 205 1830 416 1888; x_wconf 49' lang='lat' dir='ltr'><strong>canaliculataf</strong></span> <span class='ocrx_word' id='word_1_157' title='bbox 443 1831 566 1892; x_wconf 76' lang='lat' dir='ltr'><strong>longiora</strong></span> <span class='ocrx_word' id='word_1_158' title='bbox 598 1831 643 1894; x_wconf 82' lang='lat' dir='ltr'><strong>sed</strong></span> <span class='ocrx_word' id='word_1_159' title='bbox 674 1832 841 1894; x_wconf 81' lang='lat' dir='ltr'><strong>augustiora,</strong></span> <span class='ocrx_word' id='word_1_160' title='bbox 875 1831 1008 1899; x_wconf 83' lang='lat' dir='ltr'><strong>floresque</strong></span> <span class='ocrx_word' id='word_1_161' title='bbox 1037 1830 1155 1880; x_wconf 86' lang='lat' dir='ltr'><strong>minores</strong></span> 
     </span>
     <span class='ocr_line' id='line_1_22' title="bbox 107 1895 1154 1963; baseline -0.005 -13"><span class='ocrx_word' id='word_1_162' title='bbox 107 1916 189 1963; x_wconf 89' lang='lat' dir='ltr'><strong>quam</strong></span> <span class='ocrx_word' id='word_1_163' title='bbox 210 1901 240 1949; x_wconf 83' lang='lat' dir='ltr'><strong>L.</strong></span> <span class='ocrx_word' id='word_1_164' title='bbox 263 1895 444 1960; x_wconf 82' lang='lat' dir='ltr'><strong>angustilolio</strong></span> <span class='ocrx_word' id='word_1_165' title='bbox 477 1897 632 1956; x_wconf 81' lang='lat' dir='ltr'><strong>adscribit;</strong></span> <span class='ocrx_word' id='word_1_166' title='bbox 655 1897 778 1949; x_wconf 88' lang='lat' dir='ltr'><strong>Gussone</strong></span> <span class='ocrx_word' id='word_1_167' title='bbox 798 1906 894 1949; x_wconf 88' lang='lat' dir='ltr'><strong>contra</strong></span> <span class='ocrx_word' id='word_1_168' title='bbox 917 1899 948 1950; x_wconf 87' lang='lat' dir='ltr'><strong>L.</strong></span> <span class='ocrx_word' id='word_1_169' title='bbox 970 1899 1094 1950; x_wconf 82' lang='lat' dir='ltr'><strong>linifotio</strong></span> <span class='ocrx_word' id='word_1_170' title='bbox 1113 1897 1154 1946; x_wconf 83' lang='lat' dir='ltr'><strong>so·</strong></span> 
     </span>
     <span class='ocr_line' id='line_1_23' title="bbox 108 1963 1152 2034; baseline -0.001 -20"><span class='ocrx_word' id='word_1_171' title='bbox 108 1967 177 2016; x_wconf 88' lang='lat' dir='ltr'><strong>liola</strong></span> <span class='ocrx_word' id='word_1_172' title='bbox 200 1972 228 2014; x_wconf 88' lang='lat' dir='ltr'><strong>et</strong></span> <span class='ocrx_word' id='word_1_173' title='bbox 247 1966 327 2030; x_wconf 83' lang='lat' dir='ltr'><strong>plana</strong></span> <span class='ocrx_word' id='word_1_174' title='bbox 347 1969 375 2012; x_wconf 86' lang='lat' dir='ltr'><strong>et</strong></span> <span class='ocrx_word' id='word_1_175' title='bbox 393 1963 587 2023; x_wconf 75' lang='lat' dir='ltr'><strong>canaliculato,</strong></span> <span class='ocrx_word' id='word_1_176' title='bbox 607 1964 717 2026; x_wconf 88' lang='lat' dir='ltr'><strong>latiora,</strong></span> <span class='ocrx_word' id='word_1_177' title='bbox 734 1967 865 2033; x_wconf 84' lang='lat' dir='ltr'><strong>lloresque</strong></span> <span class='ocrx_word' id='word_1_178' title='bbox 884 1970 998 2033; x_wconf 56' lang='lat' dir='ltr'><strong>oratores</strong></span> <span class='ocrx_word' id='word_1_179' title='bbox 1018 1985 1099 2034; x_wconf 86' lang='lat' dir='ltr'><strong>quam</strong></span> <span class='ocrx_word' id='word_1_180' title='bbox 1121 1965 1152 2015; x_wconf 86' lang='lat' dir='ltr'><strong>L.</strong></span> 
     </span>
     <span class='ocr_line' id='line_1_24' title="bbox 104 2031 413 2099; baseline -0.006 -17"><span class='ocrx_word' id='word_1_181' title='bbox 104 2032 283 2099; x_wconf 81' lang='lat' dir='ltr'><strong>arrgustilolic</strong></span> <span class='ocrx_word' id='word_1_182' title='bbox 304 2031 413 2082; x_wconf 77' lang='lat' dir='ltr'><strong>tribuit.</strong></span> 
     </span>
    </p>
   </div>
   <div class='ocr_carea' id='block_1_6' title="bbox 107 2126 1155 2887">
    <p class='ocr_par' dir='ltr' id='par_1_10' title="bbox 107 2126 1155 2887">
     <span class='ocr_line' id='line_1_25' title="bbox 179 2126 1154 2192; baseline 0.001 -14"><span class='ocrx_word' id='word_1_183' title='bbox 179 2126 243 2178; x_wconf 89' lang='lat' dir='ltr'><strong>Obs.</strong></span> <span class='ocrx_word' id='word_1_184' title='bbox 262 2127 294 2179; x_wconf 89' lang='lat' dir='ltr'><strong>In</strong></span> <span class='ocrx_word' id='word_1_185' title='bbox 316 2126 421 2178; x_wconf 88' lang='lat' dir='ltr'><strong>vicinia</strong></span> <span class='ocrx_word' id='word_1_186' title='bbox 444 2127 523 2192; x_wconf 86' lang='lat' dir='ltr'><strong>hujus</strong></span> <span class='ocrx_word' id='word_1_187' title='bbox 542 2130 720 2183; x_wconf 82' lang='lat' dir='ltr'><strong>collocandus</strong></span> <span class='ocrx_word' id='word_1_188' title='bbox 738 2137 780 2182; x_wconf 91' lang='lat' dir='ltr'><strong>est</strong></span> <span class='ocrx_word' id='word_1_189' title='bbox 791 2131 823 2183; x_wconf 85' lang='lat' dir='ltr'><strong>L.</strong></span> <span class='ocrx_word' id='word_1_190' title='bbox 846 2132 1050 2182; x_wconf 86' lang='lat' dir='ltr'><strong>canaliculatua</strong></span> <span class='ocrx_word' id='word_1_191' title='bbox 1066 2126 1154 2180; x_wconf 79' lang='lat' dir='ltr'><strong>Sucet</strong></span> 
     </span>
     <span class='ocr_line' id='line_1_26' title="bbox 110 2193 1150 2264; baseline 0.003 -19"><span class='ocrx_word' id='word_1_192' title='bbox 110 2194 194 2246; x_wconf 91' lang='lat' dir='ltr'><strong>Britt.</strong></span> <span class='ocrx_word' id='word_1_193' title='bbox 218 2196 294 2247; x_wconf 86' lang='lat' dir='ltr'><strong>Flor.</strong></span> <span class='ocrx_word' id='word_1_194' title='bbox 323 2193 442 2245; x_wconf 88' lang='lat' dir='ltr'><strong>Gardt.</strong></span> <span class='ocrx_word' id='word_1_195' title='bbox 465 2195 540 2259; x_wconf 70' lang='lat'><strong>2833</strong></span> <span class='ocrx_word' id='word_1_196' title='bbox 579 2200 681 2261; x_wconf 87' lang='lat' dir='ltr'><strong>incola,</strong></span> <span class='ocrx_word' id='word_1_197' title='bbox 719 2202 889 2261; x_wconf 87' lang='lat' dir='ltr'><strong>utdicitur,</strong></span> <span class='ocrx_word' id='word_1_198' title='bbox 929 2199 1150 2264; x_wconf 78' lang='lat' dir='ltr'><strong>bueaosAyres.</strong></span> 
     </span>
     <span class='ocr_line' id='line_1_27' title="bbox 108 2261 1154 2338; baseline 0.005 -24"><span class='ocrx_word' id='word_1_199' title='bbox 108 2261 201 2333; x_wconf 87' lang='lat' dir='ltr'><strong>Quum</strong></span> <span class='ocrx_word' id='word_1_200' title='bbox 251 2272 339 2315; x_wconf 83' lang='lat' dir='ltr'><strong>autem</strong></span> <span class='ocrx_word' id='word_1_201' title='bbox 379 2263 544 2329; x_wconf 75' lang='lat' dir='ltr'><strong>particulam</strong></span> <span class='ocrx_word' id='word_1_202' title='bbox 583 2270 675 2334; x_wconf 86' lang='lat' dir='ltr'><strong>operis</strong></span> <span class='ocrx_word' id='word_1_203' title='bbox 706 2271 823 2330; x_wconf 80' lang='lat' dir='ltr'><strong>laudati,</strong></span> <span class='ocrx_word' id='word_1_204' title='bbox 844 2270 872 2320; x_wconf 91' lang='lat' dir='ltr'><strong>in</strong></span> <span class='ocrx_word' id='word_1_205' title='bbox 910 2288 962 2338; x_wconf 85' lang='lat' dir='ltr'><strong>qua</strong></span> <span class='ocrx_word' id='word_1_206' title='bbox 1004 2271 1053 2320; x_wconf 87' lang='lat' dir='ltr'><strong>ista</strong></span> <span class='ocrx_word' id='word_1_207' title='bbox 1093 2284 1154 2334; x_wconf 82' lang='lat' dir='ltr'><strong>spe-</strong></span> 
     </span>
     <span class='ocr_line' id='line_1_28' title="bbox 107 2332 1154 2404; baseline 0.001 -20"><span class='ocrx_word' id='word_1_208' title='bbox 107 2336 165 2384; x_wconf 87' lang='lat' dir='ltr'><strong>cies</strong></span> <span class='ocrx_word' id='word_1_209' title='bbox 184 2333 319 2401; x_wconf 85' lang='lat' dir='ltr'><strong>descripta</strong></span> <span class='ocrx_word' id='word_1_210' title='bbox 347 2339 373 2384; x_wconf 90' lang='lat' dir='ltr'><strong>et</strong></span> <span class='ocrx_word' id='word_1_211' title='bbox 401 2332 516 2398; x_wconf 82' lang='lat' dir='ltr'><strong>figurata</strong></span> <span class='ocrx_word' id='word_1_212' title='bbox 539 2343 642 2396; x_wconf 83' lang='lat' dir='ltr'><strong>exstat,</strong></span> <span class='ocrx_word' id='word_1_213' title='bbox 662 2339 743 2389; x_wconf 87' lang='lat' dir='ltr'><strong>nobis</strong></span> <span class='ocrx_word' id='word_1_214' title='bbox 763 2339 855 2389; x_wconf 79' lang='lat' dir='ltr'><strong>videre</strong></span> <span class='ocrx_word' id='word_1_215' title='bbox 883 2356 938 2390; x_wconf 89' lang='lat' dir='ltr'><strong>uon</strong></span> <span class='ocrx_word' id='word_1_216' title='bbox 963 2337 1098 2404; x_wconf 63' lang='lat' dir='ltr'><strong>contigit,</strong></span> <span class='ocrx_word' id='word_1_217' title='bbox 1119 2353 1154 2385; x_wconf 89' lang='lat' dir='ltr'><strong>an</strong></span> 
     </span>
     <span class='ocr_line' id='line_1_29' title="bbox 107 2402 1152 2474; baseline 0.001 -21"><span class='ocrx_word' id='word_1_218' title='bbox 107 2420 203 2453; x_wconf 83' lang='lat' dir='ltr'><strong>revera</strong></span> <span class='ocrx_word' id='word_1_219' title='bbox 223 2403 329 2454; x_wconf 83' lang='lat' dir='ltr'><strong>diversa</strong></span> <span class='ocrx_word' id='word_1_220' title='bbox 348 2402 449 2467; x_wconf 87' lang='lat' dir='ltr'><strong>species</strong></span> <span class='ocrx_word' id='word_1_221' title='bbox 468 2403 506 2452; x_wconf 92' lang='lat' dir='ltr'><strong>sit</strong></span> <span class='ocrx_word' id='word_1_222' title='bbox 536 2403 690 2470; x_wconf 82' lang='lat' dir='ltr'><strong>dijudicare</strong></span> <span class='ocrx_word' id='word_1_223' title='bbox 711 2409 864 2474; x_wconf 85' lang='lat' dir='ltr'><strong>nequimus.</strong></span> <span class='ocrx_word' id='word_1_224' title='bbox 886 2404 1043 2458; x_wconf 82' lang='lat' dir='ltr'><strong>Secundum</strong></span> <span class='ocrx_word' id='word_1_225' title='bbox 1071 2406 1152 2472; x_wconf 84' lang='lat' dir='ltr'><strong>plau-</strong></span> 
     </span>
     <span class='ocr_line' id='line_1_30' title="bbox 107 2470 1153 2544; baseline 0.003 -24"><span class='ocrx_word' id='word_1_226' title='bbox 107 2478 174 2532; x_wconf 81' lang='lat' dir='ltr'><strong>tans,</strong></span> <span class='ocrx_word' id='word_1_227' title='bbox 194 2471 272 2521; x_wconf 90' lang='lat' dir='ltr'><strong>illius</strong></span> <span class='ocrx_word' id='word_1_228' title='bbox 293 2473 405 2521; x_wconf 85' lang='lat' dir='ltr'><strong>nomine</strong></span> <span class='ocrx_word' id='word_1_229' title='bbox 427 2470 457 2520; x_wconf 90' lang='lat' dir='ltr'><strong>in</strong></span> <span class='ocrx_word' id='word_1_230' title='bbox 484 2470 571 2521; x_wconf 77' lang='lat' dir='ltr'><strong>Hosto</strong></span> <span class='ocrx_word' id='word_1_231' title='bbox 600 2474 746 2526; x_wconf 81' lang='lat' dir='ltr'><strong>Hafniensi</strong></span> <span class='ocrx_word' id='word_1_232' title='bbox 772 2477 885 2535; x_wconf 85' lang='lat' dir='ltr'><strong>cultam,</strong></span> <span class='ocrx_word' id='word_1_233' title='bbox 911 2476 1002 2544; x_wconf 86' lang='lat' dir='ltr'><strong>quoad</strong></span> <span class='ocrx_word' id='word_1_234' title='bbox 1026 2476 1153 2526; x_wconf 87' lang='lat' dir='ltr'><strong>habitum</strong></span> 
     </span>
     <span class='ocr_line' id='line_1_31' title="bbox 107 2540 1152 2608; baseline 0.001 -18"><span class='ocrx_word' id='word_1_235' title='bbox 107 2540 138 2593; x_wconf 88' lang='lat' dir='ltr'><strong>L.</strong></span> <span class='ocrx_word' id='word_1_236' title='bbox 163 2541 342 2606; x_wconf 71' lang='lat' dir='ltr'><strong>augeretilolio</strong></span> <span class='ocrx_word' id='word_1_237' title='bbox 352 2540 632 2608; x_wconf 75' lang='lat' dir='ltr'><strong>proximeconvenis,</strong></span> <span class='ocrx_word' id='word_1_238' title='bbox 657 2544 948 2608; x_wconf 57' lang='lat' dir='ltr'><strong>seminibusssmondum</strong></span> <span class='ocrx_word' id='word_1_239' title='bbox 960 2553 1048 2596; x_wconf 86' lang='lat' dir='ltr'><strong>tamen</strong></span> <span class='ocrx_word' id='word_1_240' title='bbox 1062 2550 1152 2594; x_wconf 87' lang='lat' dir='ltr'><strong>matu·</strong></span> 
     </span>
     <span class='ocr_line' id='line_1_32' title="bbox 108 2608 1153 2680; baseline 0.002 -21"><span class='ocrx_word' id='word_1_241' title='bbox 108 2609 159 2670; x_wconf 87' lang='lat' dir='ltr'><strong>ris)</strong></span> <span class='ocrx_word' id='word_1_242' title='bbox 181 2610 263 2674; x_wconf 85' lang='lat' dir='ltr'><strong>magis</strong></span> <span class='ocrx_word' id='word_1_243' title='bbox 282 2610 373 2659; x_wconf 74' lang='lat' dir='ltr'><strong>forsan</strong></span> <span class='ocrx_word' id='word_1_244' title='bbox 386 2608 417 2658; x_wconf 84' lang='lat' dir='ltr'><strong>L.</strong></span> <span class='ocrx_word' id='word_1_245' title='bbox 429 2608 553 2659; x_wconf 84' lang='lat' dir='ltr'><strong>linifolio</strong></span> <span class='ocrx_word' id='word_1_246' title='bbox 573 2628 630 2661; x_wconf 81' lang='lat' dir='ltr'><strong>erm</strong></span> <span class='ocrx_word' id='word_1_247' title='bbox 642 2614 936 2680; x_wconf 84' lang='lat' dir='ltr'><strong>adpropinquantibus.</strong></span> <span class='ocrx_word' id='word_1_248' title='bbox 957 2614 988 2664; x_wconf 90' lang='lat' dir='ltr'><strong>ln</strong></span> <span class='ocrx_word' id='word_1_249' title='bbox 1009 2611 1153 2664; x_wconf 82' lang='lat' dir='ltr'><strong>collectio·</strong></span> 
     </span>
     <span class='ocr_line' id='line_1_33' title="bbox 107 2677 1155 2750; baseline 0.002 -23"><span class='ocrx_word' id='word_1_250' title='bbox 107 2696 141 2727; x_wconf 89' lang='lat' dir='ltr'><strong>ne</strong></span> <span class='ocrx_word' id='word_1_251' title='bbox 163 2678 296 2727; x_wconf 84' lang='lat' dir='ltr'><strong>ditissima</strong></span> <span class='ocrx_word' id='word_1_252' title='bbox 319 2677 494 2743; x_wconf 80' lang='lat' dir='ltr'><strong>Lindteyana</strong></span> <span class='ocrx_word' id='word_1_253' title='bbox 517 2681 731 2743; x_wconf 83' lang='lat' dir='ltr'><strong>speciminulam</strong></span> <span class='ocrx_word' id='word_1_254' title='bbox 759 2690 883 2733; x_wconf 83' lang='lat' dir='ltr'><strong>servatur</strong></span> <span class='ocrx_word' id='word_1_255' title='bbox 905 2684 1013 2750; x_wconf 76' lang='lat' dir='ltr'><strong>plantae,</strong></span> <span class='ocrx_word' id='word_1_256' title='bbox 1033 2684 1061 2732; x_wconf 90' lang='lat' dir='ltr'><strong>in</strong></span> <span class='ocrx_word' id='word_1_257' title='bbox 1078 2680 1155 2730; x_wconf 88' lang='lat' dir='ltr'><strong>Cati·</strong></span> 
     </span>
     <span class='ocr_line' id='line_1_34' title="bbox 107 2746 1154 2817; baseline 0.002 -20"><span class='ocrx_word' id='word_1_258' title='bbox 107 2746 199 2797; x_wconf 86' lang='lat' dir='ltr'><strong>fornia</strong></span> <span class='ocrx_word' id='word_1_259' title='bbox 217 2763 231 2794; x_wconf 94' lang='lat' dir='ltr'><strong>a</strong></span> <span class='ocrx_word' id='word_1_260' title='bbox 250 2746 398 2810; x_wconf 80' lang='lat' dir='ltr'><strong>Douglasio</strong></span> <span class='ocrx_word' id='word_1_261' title='bbox 417 2746 508 2806; x_wconf 82' lang='lat' dir='ltr'><strong>leclae,</strong></span> <span class='ocrx_word' id='word_1_262' title='bbox 536 2750 609 2812; x_wconf 90' lang='lat' dir='ltr'><strong>quod</strong></span> <span class='ocrx_word' id='word_1_263' title='bbox 634 2750 703 2817; x_wconf 81' lang='lat' dir='ltr'><strong>Lup.</strong></span> <span class='ocrx_word' id='word_1_264' title='bbox 735 2751 915 2815; x_wconf 79' lang='lat' dir='ltr'><strong>angustilolio</strong></span> <span class='ocrx_word' id='word_1_265' title='bbox 936 2751 1091 2816; x_wconf 79' lang='lat' dir='ltr'><strong>proximum</strong></span> <span class='ocrx_word' id='word_1_266' title='bbox 1111 2749 1154 2799; x_wconf 87' lang='lat' dir='ltr'><strong>vi-</strong></span> 
     </span>
     <span class='ocr_line' id='line_1_35' title="bbox 107 2816 1152 2887; baseline 0.004 -21"><span class='ocrx_word' id='word_1_267' title='bbox 107 2816 198 2876; x_wconf 89' lang='lat' dir='ltr'><strong>detur,</strong></span> <span class='ocrx_word' id='word_1_268' title='bbox 212 2816 258 2865; x_wconf 87' lang='lat' dir='ltr'><strong>sed</strong></span> <span class='ocrx_word' id='word_1_269' title='bbox 273 2821 467 2875; x_wconf 78' lang='lat' dir='ltr'><strong>mancostata,</strong></span> <span class='ocrx_word' id='word_1_270' title='bbox 488 2832 522 2865; x_wconf 89' lang='lat' dir='ltr'><strong>an</strong></span> <span class='ocrx_word' id='word_1_271' title='bbox 533 2816 634 2868; x_wconf 81' lang='lat' dir='ltr'><strong>exinde</strong></span> <span class='ocrx_word' id='word_1_272' title='bbox 646 2820 810 2870; x_wconf 82' lang='lat' dir='ltr'><strong>distinctum</strong></span> <span class='ocrx_word' id='word_1_273' title='bbox 824 2822 859 2871; x_wconf 85' lang='lat' dir='ltr'><strong>sit</strong></span> <span class='ocrx_word' id='word_1_274' title='bbox 869 2822 1025 2887; x_wconf 84' lang='lat' dir='ltr'><strong>dijudicare</strong></span> <span class='ocrx_word' id='word_1_275' title='bbox 1041 2836 1152 2886; x_wconf 81' lang='lat' dir='ltr'><strong>nequeo.</strong></span> 
     </span>
    </p>
   </div>
   <div class='ocr_carea' id='block_1_7' title="bbox 106 2910 1152 3055">
    <p class='ocr_par' dir='ltr' id='par_1_11' title="bbox 106 2910 1152 3055">
     <span class='ocr_line' id='line_1_36' title="bbox 176 2910 1152 2977; baseline 0.006 -17"><span class='ocrx_word' id='word_1_276' title='bbox 176 2910 238 2977; x_wconf 89' lang='lat' dir='ltr'><strong>Lup</strong></span> <span class='ocrx_word' id='word_1_277' title='bbox 258 2910 373 2962; x_wconf 85' lang='lat' dir='ltr'><strong>linearis</strong></span> <span class='ocrx_word' id='word_1_278' title='bbox 401 2912 479 2963; x_wconf 84' lang='lat' dir='ltr'><strong>Desr.</strong></span> <span class='ocrx_word' id='word_1_279' title='bbox 501 2913 529 2963; x_wconf 88' lang='lat' dir='ltr'><strong>in</strong></span> <span class='ocrx_word' id='word_1_280' title='bbox 547 2914 652 2965; x_wconf 86' lang='lat' dir='ltr'><strong>ricinia</strong></span> <span class='ocrx_word' id='word_1_281' title='bbox 673 2917 771 2968; x_wconf 86' lang='lat' dir='ltr'><strong>borum</strong></span> <span class='ocrx_word' id='word_1_282' title='bbox 794 2918 876 2968; x_wconf 86' lang='lat' dir='ltr'><strong>etiarn</strong></span> <span class='ocrx_word' id='word_1_283' title='bbox 899 2919 1056 2970; x_wconf 77' lang='lat' dir='ltr'><strong>referendus</strong></span> <span class='ocrx_word' id='word_1_284' title='bbox 1075 2917 1152 2969; x_wconf 82' lang='lat' dir='ltr'><strong>virle·</strong></span> 
     </span>
     <span class='ocr_line' id='line_1_37' title="bbox 106 2979 1151 3055; baseline 0.003 -23"><span class='ocrx_word' id='word_1_285' title='bbox 106 2988 161 3032; x_wconf 87' lang='lat' dir='ltr'><strong>tur.</strong></span> <span class='ocrx_word' id='word_1_286' title='bbox 201 2979 396 3045; x_wconf 86' lang='lat' dir='ltr'><strong>Descriptione</strong></span> <span class='ocrx_word' id='word_1_287' title='bbox 417 2980 479 3031; x_wconf 87' lang='lat' dir='ltr'><strong>data</strong></span> <span class='ocrx_word' id='word_1_288' title='bbox 503 2982 548 3032; x_wconf 79' lang='lat' dir='ltr'><strong>vin</strong></span> <span class='ocrx_word' id='word_1_289' title='bbox 565 2985 599 3033; x_wconf 85' lang='lat' dir='ltr'><strong>ab</strong></span> <span class='ocrx_word' id='word_1_290' title='bbox 613 2989 839 3038; x_wconf 86' lang='lat' dir='ltr'><strong>antecedentibus</strong></span> <span class='ocrx_word' id='word_1_291' title='bbox 865 2989 1033 3054; x_wconf 83' lang='lat' dir='ltr'><strong>distinguere</strong></span> <span class='ocrx_word' id='word_1_292' title='bbox 1045 3003 1151 3055; x_wconf 61' lang='lat' dir='ltr'><strong>quesne</strong></span> 
     </span>
    </p>
   </div>
   <div class='ocr_carea' id='block_1_8' title="bbox 106 3049 1151 3196">
    <p class='ocr_par' dir='ltr' id='par_1_12' title="bbox 106 3049 1151 3196">
     <span class='ocr_line' id='line_1_38' title="bbox 106 3049 1151 3120; baseline 0.009 -24"><span class='ocrx_word' id='word_1_293' title='bbox 106 3068 190 3117; x_wconf 85' lang='lat' dir='ltr'><strong>qaum</strong></span> <span class='ocrx_word' id='word_1_294' title='bbox 211 3065 274 3097; x_wconf 81' lang='lat' dir='ltr'><strong>vero</strong></span> <span class='ocrx_word' id='word_1_295' title='bbox 293 3049 404 3098; x_wconf 90' lang='lat' dir='ltr'><strong>nullum</strong></span> <span class='ocrx_word' id='word_1_296' title='bbox 424 3051 481 3115; x_wconf 84' lang='lat' dir='ltr'><strong>ejus</strong></span> <span class='ocrx_word' id='word_1_297' title='bbox 505 3050 563 3099; x_wconf 85' lang='lat' dir='ltr'><strong>vidi</strong></span> <span class='ocrx_word' id='word_1_298' title='bbox 585 3056 725 3119; x_wconf 85' lang='lat' dir='ltr'><strong>exemplar</strong></span> <span class='ocrx_word' id='word_1_299' title='bbox 750 3057 961 3120; x_wconf 79' lang='lat' dir='ltr'><strong>descriptionem</strong></span> <span class='ocrx_word' id='word_1_300' title='bbox 992 3058 1151 3107; x_wconf 85' lang='lat' dir='ltr'><strong>Desrousse-</strong></span> 
     </span>
     <span class='ocr_line' id='line_1_39' title="bbox 108 3117 918 3196; baseline 0.004 -27"><span class='ocrx_word' id='word_1_301' title='bbox 108 3119 174 3169; x_wconf 85' lang='lat' dir='ltr'><strong>auxi</strong></span> <span class='ocrx_word' id='word_1_302' title='bbox 198 3118 245 3167; x_wconf 88' lang='lat' dir='ltr'><strong>hic</strong></span> <span class='ocrx_word' id='word_1_303' title='bbox 271 3117 306 3167; x_wconf 89' lang='lat' dir='ltr'><strong>ad</strong></span> <span class='ocrx_word' id='word_1_304' title='bbox 325 3117 438 3167; x_wconf 88' lang='lat' dir='ltr'><strong>interim</strong></span> <span class='ocrx_word' id='word_1_305' title='bbox 460 3121 664 3184; x_wconf 85' lang='lat' dir='ltr'><strong>transscribere,</strong></span> <span class='ocrx_word' id='word_1_306' title='bbox 685 3124 821 3196; x_wconf 79' lang='lat' dir='ltr'><strong>optimam</strong></span> <span class='ocrx_word' id='word_1_307' title='bbox 841 3125 918 3174; x_wconf 86' lang='lat' dir='ltr'><strong>duxi.</strong></span> 
     </span>
    </p>
   </div>
   <div class='ocr_carea' id='block_1_9' title="bbox 97 3214 1152 3428">
    <p class='ocr_par' dir='ltr' id='par_1_13' title="bbox 97 3214 1152 3428">
     <span class='ocr_line' id='line_1_40' title="bbox 163 3214 1151 3293; baseline 0.009 -32"><span class='ocrx_word' id='word_1_308' title='bbox 163 3214 236 3293; x_wconf 74' lang='lat' dir='ltr'><strong>¹Lup</strong></span> <span class='ocrx_word' id='word_1_309' title='bbox 261 3214 374 3293; x_wconf 80' lang='lat' dir='ltr'><strong>linearis</strong></span> <span class='ocrx_word' id='word_1_310' title='bbox 394 3214 471 3265; x_wconf 89' lang='lat' dir='ltr'><strong>Desr.</strong></span> <span class='ocrx_word' id='word_1_311' title='bbox 499 3217 528 3268; x_wconf 88' lang='lat' dir='ltr'><strong>in</strong></span> <span class='ocrx_word' id='word_1_312' title='bbox 549 3216 624 3270; x_wconf 80' lang='lat' dir='ltr'><strong>Lam.</strong></span> <span class='ocrx_word' id='word_1_313' title='bbox 647 3222 764 3293; x_wconf 77' lang='lat' dir='ltr'><strong>Encycl.</strong></span> <span class='ocrx_word' id='word_1_314' title='bbox 787 3220 873 3272; x_wconf 72' lang='lat' dir='ltr'><strong>Meta.</strong></span> <span class='ocrx_word' id='word_1_315' title='bbox 892 3220 934 3271; x_wconf 94' lang='lat' dir='ltr'><strong>lIl</strong></span> <span class='ocrx_word' id='word_1_316' title='bbox 954 3239 978 3287; x_wconf 87' lang='lat' dir='ltr'><strong>p.</strong></span> <span class='ocrx_word' id='word_1_317' title='bbox 1002 3217 1069 3271; x_wconf 77' lang='lat'>625.</span> <span class='ocrx_word' id='word_1_318' title='bbox 1091 3218 1151 3270; x_wconf 83' lang='lat' dir='ltr'>&#39;’so-</span> 
     </span>
     <span class='ocr_line' id='line_1_41' title="bbox 106 3283 1152 3359; baseline 0.005 -25"><span class='ocrx_word' id='word_1_319' title='bbox 106 3284 184 3334; x_wconf 84' lang='lat' dir='ltr'><strong>liolrs</strong></span> <span class='ocrx_word' id='word_1_320' title='bbox 203 3283 354 3334; x_wconf 82' lang='lat' dir='ltr'><strong>linearibus</strong></span> <span class='ocrx_word' id='word_1_321' title='bbox 373 3284 581 3350; x_wconf 83' lang='lat' dir='ltr'><strong>angustissimis,</strong></span> <span class='ocrx_word' id='word_1_322' title='bbox 600 3290 716 3347; x_wconf 85' lang='lat' dir='ltr'><strong>ssoribus</strong></span> <span class='ocrx_word' id='word_1_323' title='bbox 734 3291 850 3343; x_wconf 82' lang='lat' dir='ltr'><strong>alternis</strong></span> <span class='ocrx_word' id='word_1_324' title='bbox 873 3292 933 3342; x_wconf 81' lang='lat' dir='ltr'><strong>laxe</strong></span> <span class='ocrx_word' id='word_1_325' title='bbox 953 3290 1082 3359; x_wconf 82' lang='lat' dir='ltr'><strong>spientis,</strong></span> <span class='ocrx_word' id='word_1_326' title='bbox 1105 3306 1152 3339; x_wconf 89' lang='lat' dir='ltr'><strong>ca·</strong></span> 
     </span>
     <span class='ocr_line' id='line_1_42' title="bbox 97 3352 597 3428; baseline 0.016 -27"><span class='ocrx_word' id='word_1_327' title='bbox 97 3353 177 3428; x_wconf 66' lang='lat' dir='ltr'><strong>¹lypis</strong></span> <span class='ocrx_word' id='word_1_328' title='bbox 196 3353 271 3403; x_wconf 90' lang='lat' dir='ltr'><strong>labio</strong></span> <span class='ocrx_word' id='word_1_329' title='bbox 293 3352 424 3404; x_wconf 83' lang='lat' dir='ltr'><strong>inferiore</strong></span> <span class='ocrx_word' id='word_1_330' title='bbox 445 3356 461 3405; x_wconf 89' lang='grc'>3</span> <span class='ocrx_word' id='word_1_331' title='bbox 479 3354 597 3409; x_wconf 78' lang='lat' dir='ltr'><strong>dentato.</strong></span> 
     </span>
    </p>
   </div>
   <div class='ocr_carea' id='block_1_10' title="bbox 176 3437 735 3510">
    <p class='ocr_par' dir='ltr' id='par_1_14' title="bbox 176 3437 735 3510">
     <span class='ocr_line' id='line_1_43' title="bbox 176 3437 735 3510; baseline 0.016 -12"><span class='ocrx_word' id='word_1_332' title='bbox 176 3447 199 3498; x_wconf 82' lang='lat' dir='ltr'><strong>E</strong></span> <span class='ocrx_word' id='word_1_333' title='bbox 218 3448 311 3502; x_wconf 84' lang='lat' dir='ltr'><strong>Monte</strong></span> <span class='ocrx_word' id='word_1_334' title='bbox 331 3450 420 3503; x_wconf 88' lang='lat' dir='ltr'><strong>Video</strong></span> <span class='ocrx_word' id='word_1_335' title='bbox 437 3437 535 3504; x_wconf 76' lang='lat' dir='ltr'><strong>retulit</strong></span> <span class='ocrx_word' id='word_1_336' title='bbox 554 3455 735 3510; x_wconf 81' lang='lat' dir='ltr'><strong>Cornrnerson.</strong></span> 
     </span>
    </p>
   </div>
   <div class='ocr_carea' id='block_1_11' title="bbox 4 3541 1151 3965">
    <p class='ocr_par' dir='ltr' id='par_1_15' title="bbox 105 3541 1150 3683">
     <span class='ocr_line' id='line_1_44' title="bbox 175 3541 1150 3619; baseline 0.007 -26"><span class='ocrx_word' id='word_1_337' title='bbox 175 3541 267 3594; x_wconf 83' lang='lat' dir='ltr'><strong>Cauiis</strong></span> <span class='ocrx_word' id='word_1_338' title='bbox 286 3547 437 3600; x_wconf 82' lang='lat' dir='ltr'><strong>herbaceus</strong></span> <span class='ocrx_word' id='word_1_339' title='bbox 455 3550 573 3609; x_wconf 86' lang='lat' dir='ltr'><strong>ridetur,</strong></span> <span class='ocrx_word' id='word_1_340' title='bbox 593 3559 714 3614; x_wconf 87' lang='lat' dir='ltr'><strong>erectus,</strong></span> <span class='ocrx_word' id='word_1_341' title='bbox 737 3555 835 3605; x_wconf 86' lang='lat' dir='ltr'><strong>leviter</strong></span> <span class='ocrx_word' id='word_1_342' title='bbox 850 3554 1006 3619; x_wconf 82' lang='lat' dir='ltr'><strong>angulosas,</strong></span> <span class='ocrx_word' id='word_1_343' title='bbox 1024 3551 1150 3602; x_wconf 85' lang='lat' dir='ltr'><strong>ramosis-</strong></span> 
     </span>
     <span class='ocr_line' id='line_1_45' title="bbox 105 3613 1148 3683; baseline 0.007 -21"><span class='ocrx_word' id='word_1_344' title='bbox 105 3613 297 3671; x_wconf 63' lang='lat' dir='ltr'><strong>sinuaminis</strong></span> <span class='ocrx_word' id='word_1_345' title='bbox 318 3617 433 3668; x_wconf 78' lang='lat' dir='ltr'><strong>ditl&#39;uais.</strong></span> <span class='ocrx_word' id='word_1_346' title='bbox 464 3619 570 3672; x_wconf 85' lang='lat' dir='ltr'><strong>Foliola</strong></span> <span class='ocrx_word' id='word_1_347' title='bbox 593 3618 683 3678; x_wconf 82' lang='lat'>8-11</span> <span class='ocrx_word' id='word_1_348' title='bbox 708 3623 835 3683; x_wconf 87' lang='lat' dir='ltr'><strong>linearia,</strong></span> <span class='ocrx_word' id='word_1_349' title='bbox 860 3624 1026 3681; x_wconf 84' lang='lat' dir='ltr'><strong>acuminata,</strong></span> <span class='ocrx_word' id='word_1_350' title='bbox 1049 3623 1148 3670; x_wconf 84' lang='lat' dir='ltr'><strong>lineam</strong></span> 
     </span>
    </p>

    <p class='ocr_par' dir='ltr' id='par_1_16' title="bbox 4 3682 1151 3965">
     <span class='ocr_line' id='line_1_46' title="bbox 4 3682 1151 3759; baseline 0.009 -30"><span class='ocrx_word' id='word_1_351' title='bbox 4 3707 5 3730; x_wconf 78' lang='lat' dir='ltr'><strong>l</strong></span> <span class='ocrx_word' id='word_1_352' title='bbox 105 3682 159 3732; x_wconf 88' lang='lat' dir='ltr'><strong>lata</strong></span> <span class='ocrx_word' id='word_1_353' title='bbox 181 3684 268 3748; x_wconf 51' lang='lat'><strong>144</strong></span> <span class='ocrx_word' id='word_1_354' title='bbox 286 3685 400 3751; x_wconf 86' lang='lat' dir='ltr'><strong>pollices</strong></span> <span class='ocrx_word' id='word_1_355' title='bbox 422 3688 721 3753; x_wconf 81' lang='lat' dir='ltr'><strong>longa‚canaliculata,</strong></span> <span class='ocrx_word' id='word_1_356' title='bbox 744 3710 823 3759; x_wconf 86' lang='lat' dir='ltr'><strong>supra</strong></span> <span class='ocrx_word' id='word_1_357' title='bbox 843 3693 947 3758; x_wconf 84' lang='lat' dir='ltr'><strong>glabra,</strong></span> <span class='ocrx_word' id='word_1_358' title='bbox 965 3693 1058 3741; x_wconf 80' lang='lat' dir='ltr'><strong>subtus</strong></span> <span class='ocrx_word' id='word_1_359' title='bbox 1078 3692 1151 3757; x_wconf 87' lang='lat' dir='ltr'><strong>pube</strong></span> 
     </span>
     <span class='ocr_line' id='line_1_47' title="bbox 105 3750 1151 3829; baseline 0.011 -29"><span class='ocrx_word' id='word_1_360' title='bbox 105 3750 431 3829; x_wconf 39' lang='lat' dir='ltr'><strong>adp1·essa,·truuissi&#39;rna,</strong></span> <span class='ocrx_word' id='word_1_361' title='bbox 450 3758 609 3809; x_wconf 79' lang='lat' dir='ltr'><strong>subsericae.</strong></span> <span class='ocrx_word' id='word_1_362' title='bbox 649 3762 749 3812; x_wconf 88' lang='lat' dir='ltr'><strong>Petioli</strong></span> <span class='ocrx_word' id='word_1_363' title='bbox 771 3766 863 3818; x_wconf 58' lang='lat'><strong>2-24</strong></span> <span class='ocrx_word' id='word_1_364' title='bbox 878 3762 1029 3829; x_wconf 74' lang='lat' dir='ltr'><strong>pollicerer.</strong></span> <span class='ocrx_word' id='word_1_365' title='bbox 1058 3760 1151 3812; x_wconf 76' lang='lat' dir='ltr'><strong>riores</strong></span> 
     </span>
     <span class='ocr_line' id='line_1_48' title="bbox 105 3821 1148 3895; baseline 0.008 -28"><span class='ocrx_word' id='word_1_366' title='bbox 105 3821 194 3869; x_wconf 82' lang='lat' dir='ltr'><strong>azurei</strong></span> <span class='ocrx_word' id='word_1_367' title='bbox 216 3838 347 3882; x_wconf 83' lang='lat' dir='ltr'><strong>minores,</strong></span> <span class='ocrx_word' id='word_1_368' title='bbox 374 3824 403 3875; x_wconf 89' lang='lat' dir='ltr'><strong>in</strong></span> <span class='ocrx_word' id='word_1_369' title='bbox 426 3844 533 3878; x_wconf 87' lang='lat' dir='ltr'><strong>racemo</strong></span> <span class='ocrx_word' id='word_1_370' title='bbox 561 3830 699 3880; x_wconf 84' lang='lat' dir='ltr'><strong>terminali</strong></span> <span class='ocrx_word' id='word_1_371' title='bbox 730 3833 777 3882; x_wconf 81' lang='lat' dir='ltr'><strong>vix</strong></span> <span class='ocrx_word' id='word_1_372' title='bbox 805 3833 881 3884; x_wconf 85' lang='lat' dir='ltr'><strong>foliis</strong></span> <span class='ocrx_word' id='word_1_373' title='bbox 902 3829 1020 3895; x_wconf 76' lang='lat' dir='ltr'><strong>longiori</strong></span> <span class='ocrx_word' id='word_1_374' title='bbox 1039 3826 1148 3886; x_wconf 82' lang='lat' dir='ltr'><strong>alterni.</strong></span> 
     </span>
     <span class='ocr_line' id='line_1_49' title="bbox 106 3886 1150 3965; baseline 0.008 -28"><span class='ocrx_word' id='word_1_375' title='bbox 106 3886 194 3954; x_wconf 75' lang='lat' dir='ltr'><strong>Cotyn</strong></span> <span class='ocrx_word' id='word_1_376' title='bbox 214 3891 451 3957; x_wconf 86' lang='lat' dir='ltr'><strong>appendiculalus,</strong></span> <span class='ocrx_word' id='word_1_377' title='bbox 469 3897 544 3948; x_wconf 89' lang='lat' dir='ltr'><strong>labio</strong></span> <span class='ocrx_word' id='word_1_378' title='bbox 563 3900 702 3965; x_wconf 79' lang='lat' dir='ltr'><strong>superiore</strong></span> <span class='ocrx_word' id='word_1_379' title='bbox 724 3901 822 3963; x_wconf 65' lang='lat' dir='ltr'><strong>ands,</strong></span> <span class='ocrx_word' id='word_1_380' title='bbox 834 3900 964 3951; x_wconf 82' lang='lat' dir='ltr'><strong>inferiore</strong></span> <span class='ocrx_word' id='word_1_381' title='bbox 984 3897 1150 3965; x_wconf 78' lang='lat' dir='ltr'><strong>paulo&#39;lon-</strong></span> 
     </span>
    </p>
   </div>
   <div class='ocr_carea' id='block_1_12' title="bbox 0 0 1404 4259">
    <p class='ocr_par' dir='ltr' id='par_1_17' title="bbox 0 0 1404 4259">
     <span class='ocr_line' id='line_1_50' title="bbox 0 0 1404 4259; baseline 0 1"><span class='ocrx_word' id='word_1_382' title='bbox 0 0 1404 4259; x_wconf 95' lang='lat' dir='ltr'><strong> </strong></span> 
     </span>
    </p>
   </div>
  </div>
 </body>
</html>
