2800 4259
1046 144 1091 234 υ

77 316 159 365 ‘tum
183 299 334 370 occurrit(
384 303 457 382 Quo
492 311 598 373 autem
629 291 736 363 fissura
764 301 949 387 profundior
976 324 1013 388 eo
1041 306 1137 383 magis

102 391 177 463 ctiam
197 398 337 449 constans
360 388 524 469 iudicanda
545 395 599 444 est.
1009 394 1015 406 '

543 491 549 496 .
577 493 581 500 .
710 479 722 498 s

153 515 253 591 .Licet
276 518 308 572 in
333 514 420 572 nullo
444 511 538 589 hujus
563 509 682 584 generis
706 509 884 570 charactere
918 521 1036 570 tantam
1068 514 1132 590 vim

100 598 177 660 acin
199 596 394 673 diversitatel
417 595 587 665 staminum
624 601 745 669 ponunt
777 601 935 666 atsctores,
969 603 1073 653 tamen
1103 595 1133 652 in
1162 613 1176 643 ὁ

99 679 130 736 iis
149 676 349 748 describendis
384 671 539 755 praeeique
576 672 661 730 vitiis
686 671 857 732 abundant.
894 675 1042 733 'Linnaeus
1067 685 1146 750 sta-¹

99 762 170 817 mina
192 758 353 836 diadelpha
367 759 489 835 Lupino
505 755 685 833 adscripsit3
706 753 792 832 quod
812 755 961 831 quidem,
987 756 1058 814 licet
1072 759 1133 831 iam

98 841 154 920 ipse
173 842 367 918 proximique
394 841 456 913 ejus
485 839 650 894 sectatores
671 837 880 909 correxerint,
903 846 1010 908 tamen,
1029 838 1133 895 adhuc
1175 878 1179 883 -
1202 863 1204 871 ι

97 922 122 991 iu
137 919 270 999 operibus
292 916 516 980 recentioribus
530 917 631 975 denuo
649 916 782 974 relatum
799 916 971 981 invenimus
987 921 1020 988 *).
1063 919 1131 974 Nu·
1168 967 1175 978 ,
1252 958 1257 966 .

98 1004 176 1078 peri,
206 1001 357 1078 quantum
382 995 487 1070 video,
508 995 632 1070 omnes,
660 993 807 1055 antheras
826 999 1031 1076 ,rotundiores
1053 1021 1134 1080 prae·

86 1083 225 1157 ,cociones
236 1082 428 1162 praedicant,
441 1080 479 1137 id·
497 1079 582 1159 quod
598 1101 660 1138 nou·
671 1074 829 1135 tautum'a
854 1080 919 1156 lege
936 1080 1055 1159 vulgari
1078 1081 1137 1138 ah-

97 1160 237 1238 horreret,
249 1155 301 1222 sed
314 1165 425 1241 injuria
443 1163 569 1240 qunque
585 1161 636 1219 hic
656 1160 862 1227 contenditur.
883 1163 970 1219 Licet
982 1164 1063 1219 enim
1077 1162 1134 1220 sub

96 1243 207 1302 authesi
237 1246 390 1308 filameuta
420 1243 531 1323 petalis
553 1244 695 1319 opposita
724 1242 944 1316 (enthecarum
966 1244 1132 1301 rotundio-

97 1330 172 1399 rum)
205 1325 341 1405 longiora
368 1327 450 1397 sint,
479 1325 661 1400 neutiquam
693 1321 761 1401 idco
781 1324 1000 1405 praenetus,
1035 1324 1134 1383 haecce

98 1408 174 1468 enim
185 1412 403 1486 'utrorumque
416 1405 600 1465 evolationis
621 1406 701 1475 ratio
711 1418 732 1462 t.

173 1541 203 1598 Si
235 1539 342 1599 ssorcm
380 1542 485 1599 adhuc
518 1543 549 1598 in
577 1537 731 1598 alabastro
760 1539 993 1616 examinamus,
1024 1543 1136 1617 stigma

61 1673 67 1680 .
100 1622 241 1680 antheras
264 1622 352 1698 louge
376 1624 601 1702 supereminens
631 1622 822 1698 invenimus„
853 1615 1006 1699 'Antberae
1034 1622 1134 1681 50h-
1201 1650 1208 1657 ⁴

78 1703 187 1781 1lougce
210 1705 239 1760 in
262 1703 394 1776 tubum,
425 1705 543 1781 stylum
574 1702 792 1771 circumdem,
823 1704 954 1760 invicem
988 1707 1135 1783 juxtapo-

94 1785 172 1856 sitae3
205 1783 341 1844 anthera
362 1796 469 1843 autem
501 1784 700 1854 reniformes,
733 1781 849 1861 quibus
884 1785 967 1842 inter
988 1785 1135 1861 oblongas

91 1865 211 1928 nullum
242 1868 366 1924 vacavit
396 1867 527 1944 spatium
561 1864 639 1923 iulia
675 1885 726 1922 eas
754 1866 850 1939 (inter
881 1864 966 1924 binas
1001 1868 1141 1943 singulae)

92 1947 245 2005 collocatas
271 1957 360 2021 sunt,
390 1949 578 2005 lbianamcx
603 1946 662 2003 hac
687 1948 778 2025 spatii
807 1949 949 2023 angustia
976 1949 1141 2023 indutam,

93 2036 198 2106 postea
220 2049 347 2106 quoque
370 2037 533 2087 servantes·
578 2029 733 2108 Tempore
754 2027 1001 2086 foecundationis
1017 2030 1138 2086 ‚immi-
1340 2081 1343 2086 ,

93 2109 581 2189 uentu,filameutautrorumque
605 2114 723 2190 pariter
747 2110 1058 2183 elongantur-,donec
1085 2129 1142 2167 an·
1219 2112 1225 2186 f
1258 2167 1263 2172 ,

93 2187 186 2246 thern
210 2190 350 2268 oblongae
364 2192 564 2253 altitudinem
588 2193 741 2271 stigmatis
763 2188 881 2271 adepta
908 2202 988 2249 sunt.
1030 2189 1138 2263 ⁸Pollcn

89 2266 304 2328 horum'tunc
329 2274 501 2331 effunditur
526 2286 556 2331 et
579 2294 615 2331 ex
638 2272 783 2331 omnibus
807 2268 824 2326 5
845 2272 874 2327 in
906 2292 1046 2331 massam
1065 2277 1139 2331 uni·
1226 2292 1229 2305 ·

59 2367 176 2424 cam,
201 2353 311 2430 stigma
336 2355 483 2436 undique
498 2351 762 2425 circumdantem,
788 2352 940 2412 coalescit.
983 2355 1141 2433 Quofac·¹
1190 2349 1193 2356 '

87 2442 121 2489 to
137 2432 293 2493 lilaurenta
316 2432 428 2498 horum
452 2456 510 2493 non
526 2438 662 2518 aiuplius
679 2434 882 2511 elongantur,
907 2444 1004 2514 quar'e
1018 2438 1140 2515 stigma,

73 2514 174 2591 stylo
198 2516 357 2592 elongato,
388 2536 515 2574 massam
550 2518 751 2596 pollinaceam
779 2535 850 2578 nior
872 2516 974 2575 denuo
1009 2538 1138 2596 supere·

87 2595 220 2654 minaret
234 2640 243 2670 ,
255 2599 312 2654 nisi
325 2618 407 2656 nunc
421 2599 574 2657 tilamen'ta
594 2598 800 2660 autherarum
815 2598 1033 2656 reuilormium
1053 2600 1142 2659 valde

89 2686 325 2751 accrescerent,
348 2686 395 2751 et,
421 2682 501 2736 inter
524 2678 669 2754 oblongas
691 2675 1018 2754 eluctantessmasxsam
1047 2680 1144 2758 potti-

85 2776 216 2815 naceam
243 2756 375 2827 borum,
403 2759 512 2816 loculis
533 2759 632 2838 quoad
655 2767 774 2835 partem
797 2757 899 2820 adhuc
923 2758 1137 2841 inhaerentem,

83 2858 171 2899 nune
195 2840 447 2920 suimetipsorum
469 2842 688 2916 commixtam,
709 2857 813 2900 secum
838 2840 987 2900 tollerent.

171 2978 345 3056 Legumina
368 2978 399 3033 in
421 2977 547 3035 diversis
569 2974 726 3055 speciebus
749 2974 943 3036 diversitates
975 2974 1141 3056 exhibent,
1227 3045 1233 3054 ἱ
1279 3014 1283 3034 i

72 3113 75 3120 .
110 3057 161 3116 ura
194 3056 411 3140 physiologico
440 3068 583 3135 respectu
608 3076 738 3133 -quoque
778 3055 1058 3118 animadvertendas
1091 3065 1142 3118 vj.

84 3082 220 3199 dentur.
273 3137 304 3193 ln
339 3136 494 3195 nonnullis
520 3138 602 3196 enim
640 3134 798 3218 speciebus
834 3135 930 3194 valvae
950 3140 1143 3200 ,maturitate

82 3220 200 3280 statim
235 3214 389 3277 dissiliunt
418 3226 448 3275 et
476 3219 629 3298 spiraliter
659 3237 721 3275 sese
754 3222 1044 3297 contorquent,‘in
1075 3223 1144 3289 aliis

82 3325 150 3362 nnn
179 3309 254 3358 ante
279 3301 453 3379 proximum
484 3319 537 3356 ver
565 3299 738 3358 dehiscunt.
785 3300 1143 3380 Hancldifferentiama

82 3384 261 3446 duratione
290 3383 388 3463 ipsius
424 3380 536 3465 planta
566 3382 699 3464 pendere
728 3382 976 3443 animadversum
1006 3385 1066 3444 suit
1099 3391 1145 3464 **).

79 3536 360 3560 m

118 3633 155 3701 ¹¹)
180 3628 259 3681 Dies.
279 3630 325 3680 des
344 3626 476 3686 Seleucea
492 3631 558 3684 Nat·
579 3593 656 3686 roris.
678 3593 791 3687 XXVII
812 3653 837 3702 p.
860 3631 930 3710 363.

121 3727 182 3800 ss)
204 3726 283 3782 Hanc
301 3716 519 3781 observationem
544 3727 577 3779 0.
596 3727 621 3782 J.
644 3728 764 3790 Mdrclc‚
794 3731 925 3798 praelecto
946 3728 1021 3782 horti
1042 3731 1153 3785 narni-⁴¹
1191 3736 1193 3739 ’

163 3796 241 3848 cusis
261 3793 428 3856 clarissimo,
450 3800 527 3863 cujus
549 3797 633 3848 etiam
653 3798 784 3849 amicitia
803 3802 838 3851 ob
859 3798 945 3850 multa
963 3800 1075 3855 ,sublata
1092 3805 1147 3856 du·

92 3893 97 3902 ·
164 3865 217 3917 bia
233 3864 356 3928 'masinae
376 3865 503 3922 devincti
522 3883 629 3928 sumtu,
645 3867 782 3934 debemus.
