2800 4259
294 132 323 190 ll

257 297 459 370 Boratinon,
475 299 612 376 quitum
633 297 776 379 pluribus
797 299 959 380 speciebus
973 302 1210 363 Desrousseauxi
1232 308 1298 387 ple-

256 398 326 436 nam
353 379 513 437 civitatem
538 379 736 453 tribuerunt,
767 393 835 440 turn
866 403 1028 443 numerum
1060 386 1296 462 cognitarumli

256 460 363 533 noris,
384 461 514 541 eplagis
537 462 807 540 aequinoctialibus
829 462 913 522 orbis
935 466 1006 524 novi
1033 469 1214 544 reportatis,
1242 491 1298 528 au·

256 550 375 600 xerunt.
419 542 465 599 lta
486 552 642 601 crescente
670 549 782 602 sensim
812 547 899 623 copia
919 547 1092 623 specierum
1123 548 1300 609 Dncssnon·

257 640 346 695 arus,
376 642 457 681 nova
484 627 660 683 recensione
689 624 975 700 facta,‘numerum
1008 647 1116 686 earum
1143 632 1299 707 usquead

257 698 299 759 36
318 707 431 763 evexit.
475 703 678 763 Srnasoanrus
701 705 854 786 denique,
886 709 917 764 in
941 711 1135 767 contrarium
1159 710 1301 789 tendens,
1378 733 1380 782 ζ

256 803 337 842 nova
377 786 463 846 nulla
491 786 634 864 adiecta,
666 786 761 844 variis
789 798 896 847 autem
929 790 1007 868 male
1043 789 1217 868 abrogatis,
1251 813 1300 852 eas
1378 785 1379 800 ¹

257 863 298 922 ad
317 863 358 925 29
377 868 543 928 restrinxit.
587 865 757 945 Hucusque
780 878 886 927 antem
910 869 1047 930 thesauri
1071 872 1223 931 Americae
1243 872 1314 932 bo·,

259 949 367 1023 realis,
389 969 468 1028 quae,
491 957 528 1005 ut
542 956 645 1025 postea
660 947 826 1029 probatum
851 949 922 1024 fuit,
944 972 1016 1009 vera
1040 964 1072 1011 et
1099 955 1225 1033 proprio
1241 954 1302 1013 bu·

259 1027 306 1105 jus
335 1030 449 1108 generis
478 1031 578 1108 patria
611 1029 759 1088 censenda
786 1043 851 1104 est,
880 1052 898 1088 a
920 1034 1075 1092 botanicis
1104 1033 1167 1092 lere
1195 1033 1302 1095 in'taeti

259 1119 481 1169 remanserunt.
524 1113 599 1186 Quas
614 1111 754 1191 exempla
769 1113 884 1188 Pansa,
899 1114 1034 1191 Nursia,
1056 1112 1185 1197 aliique
1196 1117 1302 1179 exinde

259 1194 582 1274 communicaverant,
621 1212 681 1249 non
715 1196 770 1252 nisi
810 1198 913 1268 messis
941 1196 1056 1255 luturae
1081 1196 1303 1277 praelibationes

252 1267 461 1332 existimanda
492 1283 574 1332 sunt.
618 1272 799 1334 Douonssro
821 1277 903 1334 enim
938 1288 1097 1337 servatum
1129 1278 1187 1335 luit
1210 1282 1303 1337 innn-

255 1373 360 1413 meras
380 1355 469 1428 illas,
493 1354 609 1433 quibus
624 1374 712 1430 moa,
735 1365 845 1437 utpote
867 1361 953 1417 novis
972 1358 1156 1438 quibusdam
1177 1360 1306 1437 deliciis,

259 1437 491 1516 resplenderent
514 1436 596 1495 horti
623 1436 817 1514 Anglorum‚
840 1442 957 1516 species
974 1441 1014 1500 ad
1038 1441 1089 1498 illa
1111 1438 1305 1508 borticultu-
1378 1469 1380 1482 =

257 1537 299 1574 rm
319 1519 476 1576 hodiernae
504 1516 693 1589 incunabula
724 1518 942 1578 transmittere.
987 1522 1054 1599 lpse
1084 1522 1239 1594 Donouss,
1263 1529 1303 1579 ut

258 1606 290 1655 et
309 1599 461 1673 Lrnnnsr,
483 1597 615 1655 Hoonnn
637 1608 667 1655 et
688 1592 832 1657 Basrasn
859 1620 895 1658 ex
918 1603 977 1661 isto
999 1604 1084 1661 fonte
1114 1601 1205 1681 plena
1233 1620 1304 1658 ma-

258 1698 302 1737 nu
314 1678 485 1738 hauserunt
495 1689 525 1736 et
538 1679 612 1737 dum
626 1679 766 1739 botanici
784 1701 876 1761 opere
885 1684 1131 1741 Decandolleano
1147 1684 1305 1741 scientiam

255 1761 289 1820 in
305 1761 363 1821 bac
372 1780 405 1819 re
417 1762 648 1840 quodammodo
657 1761 830 1820 absolutam
842 1762 1040 1836 crediderint,
1051 1766 1140 1821 novis
1154 1775 1185 1821 et
1196 1764 1307 1842 ignotis

257 1843 431 1924 specierum
451 1843 558 1900 formis
579 1844 763 1923 inopinatim
788 1842 968 1902 inundatum
990 1853 1149 1925 stupentes
1172 1864 1306 1925 conspe-

256 1932 380 1982 xerunt.
424 1923 455 1981 Si
484 1934 691 2002 augmentum
722 1924 782 1985 hoc
805 1925 898 1984 modo
923 1924 996 1984 buic
1019 1928 1121 2004 generi
1145 1945 1303 1985 accessum

255 2007 433 2070 accuratius
455 2026 673 2079 numeramus,
698 2008 840 2067 videmus
863 2005 901 2063 ad
924 2004 965 2064 36
985 2018 1073 2066 antea
1103 2017 1206 2080 notas,
1240 2028 1303 2065 non
1378 2039 1380 2051 ·

257 2089 364 2145 minus
379 2107 473 2164 quarn
487 2087 653 2166 respectes
666 2089 891 2168 intraspatium
905 2108 1057 2147 annorum
1077 2088 1307 2147 recentissimo-

254 2187 328 2227 rum
350 2168 472 2228 additas
493 2167 595 2226 luisse.
638 2168 708 2226 Huc
721 2170 872 2229 accedunt
887 2166 907 2228 4
921 2170 962 2229 ab
980 2170 1049 2228 aliis
1072 2180 1103 2227 et
1124 2167 1162 2225 17
1181 2187 1199 2223 a
1214 2163 1308 2226 nobis

255 2250 395 2329 primum
420 2248 600 2329 descripte,
621 2251 666 2309 ita
685 2260 739 2327 ut,
765 2250 878 2312 demtis
899 2252 1021 2326 dubiis,
1042 2251 1092 2310 bic
1114 2246 1157 2310 76
1184 2249 1307 2327 species

255 2331 364 2412 sistere
381 2330 527 2390 valemus.

341 2480 399 2539 Est
419 2491 524 2540 autem
556 2502 591 2541 ea
614 2484 747 2542 scientie
770 2492 881 2541 nostrae
907 2484 1005 2554 ratio,
1036 2492 1071 2539 ut
1100 2483 1219 2562 species
1241 2482 1309 2538 sin-

255 2562 387 2639 gulatim
411 2564 574 2643 descripte
596 2566 706 2642 aegrius
735 2562 967 2628 characteribus
997 2558 1306 2621 circumscribantur

254 2653 286 2703 et
306 2666 378 2725 quo.
401 2646 505 2728 plures
526 2667 612 2722 nora
637 2647 768 2723 cognitis
796 2646 1003 2723 adjiciantur,
1028 2665 1064 2702 eo
1100 2646 1199 2701 minus
1222 2642 1306 2701 cba-

255 2736 408 2801 racteres,
433 2738 524 2788 antea
548 2728 660 2802 validi,
680 2727 924 2799 bissufficiont3
953 2726 1035 2785 unde
1057 2726 1148 2782 etiarn
1182 2727 1308 2782 factum

255 2815 311 2878 est,
327 2816 363 2863 ut
377 2816 480 2863 totum
495 2827 588 2883 genus
609 2829 690 2865 novo
702 2817 871 2883 augmento
893 2805 1150 2883 quoddammodo
1173 2804 1312 2861 vacilla-

256 2895 323 2961 ret,
352 2893 447 2963 atque
474 2890 591 2965 speeies
618 2889 684 2964 ejus
711 2905 833 2956 omnes,
868 2904 950 2961 vagae
975 2893 1006 2939 et
1038 2882 1116 2938 male
1148 2883 1311 2962 definitae,

256 2986 334 3024 nova
356 2965 492 3044 quadam
515 2969 690 3025 recensione
724 2965 934 3045 maximopere
955 2972 1092 3045 egerent.

338 3131 516 3189 Periculum
539 3133 689 3211 ejusmodi
719 3115 852 3192 conatus
874 3131 1062 3210 suscipiens,
1093 3144 1203 3206 parum
1228 3126 1314 3202 qui-

255 3211 325 3269 dem
346 3210 543 3291 profecissem
570 3216 679 3281 (modo
709 3213 825 3291 profeci
837 3210 860 3287 l)
893 3214 949 3268 nisi
974 3210 1136 3266 Botanices
1167 3209 1196 3263 iu
1219 3206 1313 3267 alma

254 3288 467 3351 Universitate
483 3292 668 3351 Londinensi
683 3293 844 3352 Professor
864 3290 1101 3371 inclytissimus,
1124 3285 1192 3345 Joa.
1207 3286 1314 3345 Lrnn·

237 3379 330 3451 aar,
364 3376 442 3432 mira
479 3384 511 3433 et
538 3394 608 3452 qnae
640 3384 762 3434 tentum
803 3388 850 3439 est
878 3373 972 3451 Angli
1002 3368 1210 3443 liberalitate,
1251 3376 1312 3426 to-

254 3470 318 3516 tam
344 3476 450 3532 suam‚
480 3476 574 3535 quam
598 3457 793 3539 Lupinorum
818 3457 950 3539 possidet
974 3452 1187 3513 collectionem
1211 3451 1313 3508 ditis-

253 3542 361 3598 simam
392 3542 423 3597 iu
448 3560 538 3599 usum
566 3557 668 3597 rneum
694 3543 920 3599 transmisisset.
961 3535 1009 3595 Ut
1039 3535 1223 3593 secretarius
1252 3551 1313 3589 so-

253 3625 373 3681 cietatis
407 3622 635 3680 illusstrissimae
663 3618 938 3698 ¹Hortionltural
966 3618 1091 3699 society
1131 3614 1237 3689 dicia,
1272 3625 1312 3672 et

253 3724 360 3763 omnes
396 3723 472 3781 quas
502 3702 664 3780 collegerat
695 3703 851 3780 Douglas,
874 3711 905 3759 et
924 3723 992 3777 eas,
1023 3720 1092 3779 quae
1114 3694 1154 3753 ab
1176 3697 1245 3753 aliis
1271 3697 1311 3753 in

252 3786 365 3844 Hortos
386 3785 505 3863 Angliae
527 3783 714 3843 introductio
736 3785 885 3859 luerunt,
915 3786 1030 3865 species
1061 3785 1092 3840 in
1113 3778 1311 3856 possessione
